1494 2600
146 285 322 325 lescentia
349 285 556 325 delectatus
581 298 662 324 sum
682 285 804 338 (127).
832 285 984 325 inuenio
1001 284 1212 337 eloquentie
1228 284 1351 336 pluri-—

147 363 246 389 mum
268 360 304 389 et
318 349 513 389 uerborum
526 350 750 403 elegantium
763 349 836 389 uim
856 350 1069 391 maximam.
1083 349 1188 403 Q10d
1200 348 1245 388 ad
1261 349 1355 388 deos

146 414 262 466 ipsos,
276 414 323 453 de
333 427 491 466 quorum
507 414 569 454 ille
583 424 712 454 natura
727 415 946 455 nominatim
962 415 1075 455 libros
1089 414 1219 463 edidit,
1232 413 1351 466 quod-

144 491 217 530 que
228 479 381 518 omnino
395 479 441 519 ad
458 479 674 532 religionem
687 490 846 532 spectat,
863 493 938 532 quo
952 480 1125 520 disertius
1138 470 1287 527 dicitur,
1304 491 1355 518 eo

146 543 256 583 michi
271 544 415 583 inanior
435 553 491 584 est
503 542 639 583 fabella
662 545 764 595 (128)
780 558 790 595 ;
806 534 958 597 Deoque
971 545 1109 598 gratias
1119 544 1253 584 tacitus
1273 555 1347 582 me-

143 619 227 647 cum
259 621 345 662 ago,
366 608 430 660 qui
463 609 532 648 hoc
557 608 682 658 michi,
709 622 773 649 seu
798 610 896 649 iners
924 622 988 649 seu
1010 609 1219 649 modestum
1243 608 1347 648 dedit

143 672 333 726 ingenium
363 674 604 726 animumque
629 687 704 713 non
737 687 874 727 uagum
900 687 1020 726 neque
1038 673 1169 714 altiora
1189 686 1229 713 se
1253 686 1353 726 que-

143 748 297 787 rentem,
339 751 460 790 neque
497 738 554 778 his
592 739 800 779 scrutandis
845 739 1047 788 curiosum,
1091 751 1163 791 que
1198 737 1351 790 quesitu

141 803 320 852 difficilia,
354 803 558 855 pestifera*
584 804 658 843 sint
684 803 853 852 inuenta,
882 803 1051 855 sedsquo
1082 804 1188 856 plura
1218 811 1349 843 contra

143 867 250 908 Cristi
271 868 382 908 fidem
406 868 478 908 dici
497 868 622 917 au’dio,
646 881 690 908 eo
722 878 759 908 et
781 868 939 909 Cristum
969 868 1088 922 magis
1113 881 1233 908 amem
1253 876 1290 908 et
1308 867 1347 907 in

143 933 251 972 Cristi
272 932 344 972 fide
381 933 451 972 sim
477 932 630 975 firmior.
671 938 723 972 Ita
762 946 895 986 nempe
930 932 1040 973 michi
1061 932 1213 982 accidit,
1238 941 1279 972 ut
1316 932 1350 972 si

140 997 223 1050 quis
246 997 284 1036 in
308 999 422 1050 patris
446 1010 572 1037 amore
589 998 775 1050 tepentior
791 998 839 1038 de
853 998 918 1038 illo
938 998 1067 1038 audiat
1085 998 1345 1050 obloquentes,

139 1075 317 1114 amorque
340 1062 403 1115 qui
428 1063 573 1114 sopitus
595 1063 790 1103 uidebatur
810 1063 911 1103 illico
927 1063 1158 1114 inardescat;
1179 1063 1230 1103 ita
1249 1062 1351 1102 enim

140 1126 288 1167 eueniat
322 1140 478 1166 necesse
497 1137 566 1176 est,
600 1128 629 1168 si
651 1141 760 1167 uerus
791 1138 845 1167 est
869 1127 965 1168 filius
989 1129 1110 1179 (129).
1145 1131 1240 1180 Sepe
1271 1140 1345 1176 me,

142 1191 300 1231 Cristum
330 1191 451 1243 ipsum
479 1201 608 1240 testor,
637 1192 684 1231 de
703 1191 879 1232 cristiano
900 1192 1224 1232 cristianissimum
1246 1191 1349 1232 here-

137 1255 295 1295 ticorum
325 1255 444 1295 fecere
473 1256 726 1308 blasphemie3
755 1256 890 1309 pagani
910 1256 1008 1296 enim
1028 1256 1080 1297 illi
1099 1267 1255 1306 ueteres,
1278 1257 1348 1297 etsi

139 1321 254 1360 multa
275 1320 322 1360 de
354 1320 426 1371 dijs
446 1320 671 1370 fabulentur,
695 1334 770 1361 non
812 1321 1072 1374 blasphemant
1098 1331 1237 1371 tamen,
1259 1322 1347 1373 quia

138 1385 214 1425 ueri
252 1386 319 1425 Dei
364 1385 535 1425 notitiam
577 1387 716 1425 nullam
751 1386 912 1437 haben13
941 1399 1062 1439 neque
1098 1386 1196 1426 enim
1237 1386 1349 1427 Cristi

137 1463 273 1490 nomen
293 1450 494 1490 audierunt
512 1465 522 1501 3
544 1450 636 1491 fides
657 1461 780 1491 autem
805 1464 851 1491 ex
867 1451 996 1492 auditu
1017 1461 1073 1491 est
1090 1466 1099 1501 3
1118 1461 1157 1491 et
1174 1451 1352 1503 quamuis

136 1514 174 1555 in
200 1528 349 1555 omnem
372 1525 506 1555 terram
526 1515 683 1556 exiuerit
710 1529 823 1556 sonus
846 1518 948 1567 (130)
970 1529 1112 1566 eorum,
1136 1525 1174 1556 et
1198 1516 1236 1556 in
1253 1515 1350 1556 fines

135 1580 236 1620 orbis
265 1590 363 1620 terre
389 1580 503 1620 uerba
535 1593 676 1629 eorum,
710 1582 976 1632 Apostolorum
997 1591 1122 1621 tamen
1148 1580 1272 1621 uerbis
1300 1593 1347 1620 ac.

134 1644 314 1685 doctrinis
337 1654 418 1685 toto
438 1644 528 1685 orbe
551 1645 785 1694 sonantibus,
810 1645 862 1686 illi
889 1646 961 1685 iam
987 1645 1121 1686 mortui
1145 1658 1189 1685 ac
1205 1645 1340 1698 sepulti

135 1719 250 1758 erant,
278 1709 403 1749 miseri
431 1709 550 1763 magis
570 1723 682 1762 quam
703 1710 924 1762 culpabiles,
949 1723 1107 1763 quorum
1120 1723 1241 1760 aures,
1257 1711 1343 1763 qui·

134 1774 202 1814 bus
240 1773 385 1814 haurire
415 1774 526 1814 fidem
571 1774 799 1815 salutiferam
841 1777 1065 1827 potuissent,
1102 1775 1228 1815 inuida
1268 1775 1346 1815 iam

131 1840 242 1880 tellus
259 1839 493 1879 obstruxerat
513 1841 634 1891 (131).
653 1844 749 1879 Inter
768 1849 924 1880 cunctos
940 1849 1064 1880 tamen
1081 1840 1341 1892 potentissime

130 1902 183 1943 illi
204 1913 277 1943 tres
298 1903 380 1943 libri
404 1903 607 1953 Ciceronis,
627 1917 722 1956 quos
739 1905 785 1944 de
803 1909 943 1945 Natura
966 1904 1119 1945 deorum
1139 1903 1347 1956 inscriptos

129 1980 240 2020 supra
256 1967 420 2020 memini,
438 1981 528 2021 sepe
548 1982 607 2008 me
626 1969 793 2009 excitant
815 1973 845 2021 (ι
861 1971 935 2020 32).
955 1969 1024 2010 Ubi
1041 1968 1184 2009 scilicet
1197 1977 1343 2009 tantum

127 2031 218 2072 illud
240 2032 429 2085 ingenium
460 2033 507 2073 de
545 2033 616 2085 dijs
639 2046 754 2087 agens
787 2034 889 2086 ipsos
919 2047 1007 2087 sepe
1032 2034 1123 2074 deos
1148 2033 1276 2073 irridet
1299 2045 1347 2072 ac

126 2095 303 2149 despicit,
319 2110 395 2137 non
409 2098 561 2150 quidem
582 2098 692 2149 serio,
712 2098 806 2139 forte
819 2098 1046 2152 supplicium
1067 2098 1202 2139 timens
1217 2099 1246 2150 (ι
1261 2098 1342 2149 33),

167 2235 181 2250 *
205 2237 268 2267 Fol.
296 2246 331 2277 14
349 2241 387 2268 r⁰.
