1494 2600
713 265 925 303 „52-

217 344 398 392 nesciam,
419 355 465 381 an
486 341 709 393 scriptorum
730 341 866 393 aliquis
893 350 968 380 tam
992 340 1101 379 anxie
1132 352 1294 392 unquam
1323 350 1419 380 tam-

218 422 290 461 que
317 408 450 448 acriter
483 407 552 446 ista
587 405 994 458 tractauerit‚1semper
1023 418 1094 444 una
1123 405 1172 445 sit
1203 405 1417 445 conclusio:

218 473 341 514 omnia
361 484 595 524 quecumque
614 470 800 510 cernimus
820 470 938 510 oculis
969 470 1026 509 uel
1056 469 1282 522 percipimus
1312 469 1419 510 intel-

221 540 331 586 lectu,
358 550 425 589 pro
461 537 579 576 salute
617 534 808 575 hominum
847 544 883 574 et
919 534 1101 574 diuinitus
1132 533 1230 574 facta
1265 546 1347 573 esse
1383 543 1420 574 et

218 603 344 641 diuina
371 600 607 653 prouidentia
635 613 678 639 ac
707 599 865 639 consilio
894 599 1106 652 gubernari.
1135 603 1213 638 Imo
1233 598 1344 638 etiam
1371 598 1418 638 ad

175 679 178 681 ’
220 667 411 707 indiuidua
438 665 851 713 condescendens,cum
869 663 1183 716 quattuordecim,
1205 663 1276 703 nisi
1296 662 1417 711 fallor,

220 732 384 785 insignes
407 735 596 770 Romanos
624 730 738 769 duces
757 729 1000 777 nominasset,
1022 728 1188 768 addidit:
1217 743 1236 766 «
1257 733 1420 782 Qorum

219 796 420 845 neminem,
452 795 522 835 nisi
555 794 755 833 adiuuante
791 798 883 843 Deo,
918 795 1029 834 talem
1052 792 1167 832 fuisse
1196 792 1431 832 credendum·
1477 795 1481 799 “

219 870 275 900 est
311 862 427 912 (151).
448 874 467 898 ›>
499 864 542 899 Et
565 868 650 911 post
679 871 796 910 pauca
830 860 962 911 (¹52l2
993 862 1164 907 «Nemo,
1196 857 1330 933 inqu7it,
1363 856 1423 896 uir

221 939 377 979 magnus
407 925 487 964 sine
511 924 637 975 aliquo
666 923 791 963 afflatu
819 923 972 962 diuino*
1000 935 1163 975 unquam
1194 911 1299 962 fuit·⁷'
1280 934 1420 974 ‚quem

219 991 383 1030 afflatum
415 989 505 1041 quid
532 989 632 1028 aliud
662 1001 773 1040 quam
805 988 980 1040 Spiritum
1004 997 1173 1028 sanctum
1198 987 1309 1026 homo
1339 987 1423 1039 pius

220 1055 405 1107 intelligat
420 1054 433 1093 ?
446 1053 612 1107 {ltaque
626 1064 748 1105 preter
761 1053 1026 1104 eloquentiam,
1038 1065 1111 1105 que
1125 1052 1215 1091 nulli
1231 1051 1421 1091 hominum

219 1133 285 1172 par
305 1119 388 1168 fuit,
411 1118 499 1171 quid
525 1118 584 1157 hic
605 1118 641 1157 in
665 1117 846 1158 sententia
867 1127 1044 1157 tractator
1063 1116 1277 1169 quicunque
1295 1116 1423 1156 catho-

222 1187 315 1225 licus
335 1183 571 1223 immutaret?

275 1249 370 1302 Qid
395 1260 492 1287 nunc
522 1248 662 1300 igitur?
698 1247 962 1287 Ciceronemne
991 1246 1074 1286 ideo
1105 1246 1301 1287 catholicis
1327 1246 1422 1286 inse-

222 1328 297 1354 ram
315 1324 341 1363 (ι
359 1313 442 1366 53l?
463 1314 603 1352 Vellem
625 1325 749 1364 posse.
766 1317 811 1351 Et
828 1325 850 1351 o
868 1312 1011 1351 utinam
1030 1311 1155 1351 liceret
1173 1311 1180 1350 ἔ
1201 1300 1342 1351 utinam
1359 1311 1423 1363 qui

221 1381 294 1420 tale
315 1379 367 1418 illi
389 1378 578 1431 ingenium
602 1377 719 1426 dedit,
746 1386 782 1416 et
811 1390 850 1416 se
876 1376 998 1428 ipsum
1018 1376 1319 1429 cognoscendum
1340 1389 1426 1428 pre-

221 1444 377 1492 buisset,
400 1452 440 1482 ut
471 1442 699 1494 querendum
732 1440 905 1493 prebuit!
939 1441 1016 1480 Etsi
1050 1441 1148 1480 enim
1185 1446 1283 1480 Deus
1315 1452 1425 1480 uerus

220 1521 289 1549 nec
307 1518 514 1547 nostrarum
535 1507 685 1546 laudum
707 1518 776 1546 nec
793 1506 960 1546 mortalis
979 1505 1115 1558 eloquii
1137 1518 1250 1558 egens
1270 1505 1332 1553 sit,
1355 1505 1424 1544 ha-

222 1574 391 1613 beremus
421 1582 544 1613 tamen
576 1584 676 1611 nunc
704 1571 741 1610 in
771 1571 935 1622 templis,
959 1580 1000 1610 ut
1024 1570 1196 1618 arbitror,
1222 1569 1288 1610 Dei
1308 1569 1424 1610 nostri

222 1652 295 1678 non
315 1637 468 1690 quidem
490 1636 648 1684 ueriora‚
669 1649 737 1675 nec
758 1636 943 1675 sanctiora
966 1635 1015 1686 (id
1036 1634 1134 1675 enim
1159 1647 1227 1674 nec
1249 1634 1325 1674 fieri
1353 1647 1425 1686 po-

219 1713 293 1743 test
312 1715 379 1742 nec
400 1702 538 1754 sperari
565 1701 704 1751 debet),
727 1700 940 1760 atxforsitan
960 1700 1127 1740 dulciora
1149 1709 1187 1740 et
1212 1700 1425 1739 sonantiora

221 1767 411 1820 preconia.
435 1771 570 1806 Verum
590 1766 689 1806 absit
714 1775 755 1805 ut
780 1760 856 1804 uno
883 1775 947 1805 aut
975 1766 1092 1805 altero
1120 1764 1213 1804 bene
1238 1763 1340 1804 dicto
1366 1773 1426 1804 to-

222 1844 299 1873 tum
314 1832 492 1884 quicquid
513 1841 569 1871 est
587 1831 727 1884 ingenij
748 1830 857 1870 unius
876 1829 1138 1882 amplectar**;
1156 1842 1241 1868 narn
1260 1828 1426 1881 philoso-

224 1899 319 1950 phos
344 1910 418 1937 non
448 1910 492 1936 ex
519 1896 678 1950 singulis
699 1895 855 1935 uocibus
876 1894 1117 1947 spectandos,
1141 1894 1204 1934 sed
1230 1907 1276 1933 ex
1296 1907 1426 1946 perpe-

222 1964 354 2003 tuitate
379 1971 492 2014 atque
513 1961 738 2010 constantia,
759 1960 808 1999 ab
828 1960 959 1999 eodem
986 1959 1070 2012 ipso
1087 1959 1289 2008 Cicerone,
1311 1959 1386 1998 imo
1405 1971 1427 1998 a

205 2028 365 2067 ratione
385 2027 495 2067 insita
513 2026 641 2065 didici.
671 2026 762 2080 Qis
782 2035 857 2065 tam
883 2024 999 2070 rudis,
1028 2033 1070 2064 ut
1096 2036 1173 2064 non
1202 2023 1428 2076 quandoque

223 2102 368 2145 gratum
388 2091 526 2143 aliquid
546 2091 669 2130 dicat?
689 2095 746 2129 An
764 2090 800 2129 id
822 2102 910 2129 uero
930 2089 1020 2143 satis
1035 2088 1121 2128 est?
1141 2092 1235 2140 Sepe
1255 2100 1327 2127 una
1351 2100 1427 2127 uox

264 2204 278 2217 *
298 2203 390 2243 Apres
405 2203 514 2241 diuino,
535 2203 555 2234 il
570 2213 588 2243 y
607 2212 623 2233 a
645 2212 685 2232 un
707 2202 792 2233 blanc
809 2201 913 2241 rempli
934 2210 989 2241 par
1007 2206 1113 2240 quatre
1130 2200 1220 2240 petits
1240 2199 1327 2230 traits
1346 2199 1430 2230 hori-

226 2258 377 2287 zontaux;
402 2255 434 2280 Ρ.
456 2250 538 2281 avait
554 2250 781 2290 probablement
795 2248 869 2280 e'crit
885 2248 963 2279 deux
982 2247 1040 2279 fois
1059 2256 1193 2287 unquam.

267 2298 295 2313 *¹⁸
318 2298 381 2328 Fol.
409 2297 442 2328 18
461 2300 499 2328 r⁰.
