1494 2600
708 242 921 282 -86-

211 325 317 368 bens.
347 327 482 367 Addidi
508 328 555 367 de
584 330 782 369 multorum
816 343 860 370 ac
888 344 983 382 pene
1012 332 1178 371 omnium
1212 333 1421 386 ignorantia

205 403 279 442 que
298 404 336 430 se
356 391 550 433 obtuleant
581 393 863 443 festinanti*‚de
875 396 1012 448 quibus
1025 397 1193 450 cogitare
1206 398 1412 439 studiosius

211 455 240 493 si
262 455 382 505 detur,
410 470 485 497 non
520 458 666 498 libellus
697 459 867 512 exiguus,
897 461 961 500 sed
989 461 1159 514 ingentes
1182 462 1257 502 texi
1280 472 1420 514 queant

211 519 309 559 libri.
346 522 441 576 Qid
481 522 593 572 enim,
629 536 762 576 queso,
796 525 1031 565 communius
1061 526 1298 579 ignorantia?
1328 527 1419 579 quid

212 584 388 625 uberius?
422 587 511 639 quid
550 588 687 628 latius?
729 594 973 644 roumque
1006 603 1064 630 me
1095 601 1254 641 uertam,
1289 591 1327 631 in
1363 605 1422 632 me

211 648 312 689 illam
336 661 372 691 et
391 652 429 692 in
451 653 548 703 aiijs,
575 654 638 693 sed
660 667 843 706 nusquam
865 655 1111 696 exundantius
1133 669 1245 708 quam
1267 657 1305 696 in
1326 658 1420 697 meis

211 713 398 756 iudicibus
424 718 590 760 inuenio.
614 724 693 774 Qe
713 719 742 758 si
775 729 850 759 tam
881 719 954 759 illis
985 730 1073 760 nota
1099 730 1197 761 esset
1225 731 1265 761 ut
1291 721 1424 772 michi,-

209 779 331 820 aliene
363 780 487 822 forsan
518 783 725 836 ignorantie
757 783 919 824 ferendis
951 785 1146 836 sententiis
1174 785 1417 835 abstinerent,

211 855 383 898 essetque
401 848 447 886 ad
471 847 631 887 tribunal
657 848 747 888 illud
783 848 1058 900 iniquissimum
1089 859 1203 902 atque
1231 850 1424 903 ineptissi-

212 923 312 949 mum
330 924 492 963 perenne
512 912 709 954 iustitium.
724 914 814 967 Quis
835 913 948 961 enim,
970 914 1039 954 nisi
1061 914 1421 967 impudentissimus,

209 975 310 1027 quod
332 976 369 1016 in
396 990 435 1016 se
455 977 572 1024 uidet,
592 978 747 1018 damnat
776 978 813 1018 in
845 978 990 1018 altero?
1011 979 1210 1019 Excusatio
1240 993 1311 1019 una
1341 990 1421 1021 est:

210 1040 311 1080 docti
342 1041 412 1081 sibi
452 1042 639 1091 uidentur,
671 1056 715 1082 eo
751 1045 946 1094 presertim
979 1052 1172 1095 tempore;
1199 1057 1283 1083 nam
1321 1045 1421 1097 quod

211 1115 372 1155 constat,
401 1116 488 1158 post
508 1120 636 1146 cenam
670 1108 731 1146 illa
761 1109 945 1148 sententia
968 1109 1039 1148 lata
1061 1118 1118 1148 est
1144 1110 1263 1159 (²70i·
1293 1109 1420 1148 Videri

211 1179 335 1209 autem
360 1171 477 1223 prima
498 1171 618 1212 fronte
636 1173 797 1224 potuerit
817 1173 864 1212 de
885 1172 954 1212 mei
979 1173 1097 1225 ipsius
1112 1173 1418 1226 ignorantia.nisi

211 1234 312 1274 aliud
329 1236 573 1285 addidissem,
587 1251 707 1276 nouus
728 1237 810 1276 libri
829 1237 973 1285 titulus,
987 1250 1062 1277 non
1077 1238 1283 1289 stupendus
1299 1247 1424 1278 tamen

211 1300 258 1338 ad
280 1301 494 1340 memoriam
510 1302 699 1342 reuocanti
715 1312 753 1341 ut
768 1302 813 1341 de
833 1302 1012 1342 ebrietate
1031 1315 1098 1342 sua
1116 1302 1250 1342 librum
1270 1302 1422 1355 scripsit

213 1365 399 1405 Antonius
425 1366 594 1406 triumuir
613 1368 732 1417 (271).
763 1371 884 1407 Tanto
913 1366 1010 1406 enim
1033 1367 1104 1407 hoc
1131 1367 1275 1419 turpior
1293 1367 1424 1407 titulus

213 1430 275 1470 ille
292 1441 360 1480 est,
386 1441 527 1483 quanto
558 1445 699 1471 morum
726 1445 839 1484 quam
863 1431 998 1485 ingenii
1021 1431 1186 1484 turpiora
1209 1441 1296 1472 sunt
1315 1432 1423 1474 uitia.

213 1495 424 1549 Ignorantia
447 1496 598 1548 quidem
614 1497 670 1536 uel
695 1497 838 1536 desidie
855 1497 1062 1549 cuiuspiam
1085 1495 1209 1544 fuerit,
1232 1497 1291 1536 uel
1312 1495 1424 1537 insite

212 1561 412 1609 tarditatis,
455 1571 493 1600 at
532 1561 727 1602 ebriositas
769 1561 974 1602 uoluntatis
1015 1561 1255 1614 peruersique
1291 1561 1421 1602 animi.

213 1626 316 1666 Sicut
332 1636 456 1666 autem
469 1626 519 1665 ibi
534 1626 718 1666 Antonius
730 1627 896 1666 omnium
908 1626 1201 1666 ebriosissimum
1219 1638 1258 1665 se
1269 1624 1420 1673 fatetur,

213 1703 327 1729 unum
348 1690 542 1731 dumtaxat
562 1690 751 1743 excipiens
776 1691 898 1744 magni
915 1694 994 1743 (pro
1008 1690 1162 1742 pudort)
1184 1689 1299 1743 filium
1319 1689 1422 1730 Cice-

214 1755 327 1804 ronis,
356 1755 410 1795 sic
430 1765 467 1796 et
487 1769 556 1808 ego
579 1755 744 1795 omnium
765 1755 1108 1809 ignorantissimum
1131 1768 1189 1794 me
1207 1767 1283 1794 non
1301 1767 1398 1808 nego
1410 1769 1420 1806 ;

212 1820 277 1859 sed
300 1833 376 1860 non
400 1833 529 1868 unum,
553 1821 627 1860 imo
644 1830 819 1873 quattuor
838 1820 1007 1860 fortassis
1024 1820 1223 1873 excipiam.
1264 1833 1267 1835 ’

267 1885 337 1924 Sed
360 1885 431 1924 iam
459 1886 549 1925 satis
569 1896 639 1934 est,
662 1898 866 1938 uereorque
884 1899 932 1925 ne
950 1885 1129 1935 nimium;
1149 1884 1301 1937 iamque
1320 1884 1424 1925 uelut

213 1963 233 1989 e
254 1950 411 1990 turbidis
425 1950 901 2003 fluctibus'portumspecto
918 1951 1128 2001 (272).1am
1145 1950 1294 1989 demum
1313 1948 1427 2003 igitur

210 2016 286 2054 alto
303 2015 428 2055 animo
449 2015 608 2055 feramus
637 2016 731 2055 hanc
751 2029 816 2055 seu
836 2014 967 2055 falsam
988 2014 1192 2064 infamiam,
1211 2027 1276 2054 seu
1297 2025 1424 2053 ueram

211 2079 346 2119 famam
378 2080 601 2133 ignorantie.
632 2085 726 2121 Nam
758 2093 878 2133 neque
911 2079 1045 2120 falsum
1077 2079 1224 2128 metuit,
1254 2077 1327 2119 nisi
1355 2079 1423 2131 qui

213 2157 343 2195 parum
364 2158 452 2184 uero
471 2144 572 2196 fidit;
593 2158 712 2197 neque
731 2158 859 2184 uerum
871 2144 964 2193 odit,
978 2142 1049 2183 nisi
1069 2142 1133 2196 qui
1151 2142 1417 2196 falsumnamat.

253 2281 267 2295 ⁶
291 2281 354 2311 Fol.
373 2289 406 2320 33
426 2288 465 2311 ro.
