1494 2600
155 676 519 731 BIBLIOTHEQUE
553 682 841 726 LITTERAIRE
872 691 936 726 DE
969 691 1031 726 LA
1065 679 1398 727 RENAISSANCE

485 864 525 898 P.
554 874 602 898 DE
625 863 787 898 Nomine
812 872 847 898 et
871 863 910 898 L.
939 864 1067 899 Domzz

152 1139 181 1174 1.
215 1160 260 1165 —
293 1139 415 1186 Henry
452 1139 613 1174 Cocnm.
654 1140 703 1175 La
737 1139 979 1186 Chronologie
1013 1140 1060 1175 du
1096 1139 1315 1175 Canzoniere
1348 1111 1403 1174 dev*

200 1198 400 1245 Pktrarque.
434 1209 446 1233 1
470 1198 529 1233 vol
535 1225 1205 1236 ............
1302 1208 1326 1242 4
1349 1197 1393 1234 fr.

150 1269 285 1304 II-III.
315 1289 359 1295 —
385 1269 491 1304 Louis
516 1269 710 1304 THUASNE.
739 1270 868 1305 Roberti
893 1269 1042 1316 Gaguini
1066 1269 1222 1317 Epistolae
1249 1274 1281 1304 et
1315 1279 1396 1304 ora-

198 1329 313 1363 tiones.
341 1338 361 1362 2
382 1328 437 1363 vol
444 1355 765 1364 ......
775 1324 779 1328 ’
819 1355 1202 1363 .......
1278 1338 1320 1373 25
1345 1327 1395 1363 fr.

149 1398 212 1437 IV,
239 1419 279 1425 —
307 1399 430 1446 Henry
450 1398 614 1434 Cocum.
634 1398 682 1434 Le
701 1399 789 1434 frere
809 1399 851 1433 de
872 1399 1070 1446 Paetrarque.
1098 1398 1203 1434 livol.
1301 1398 1324 1434 6
1349 1397 1392 1434 fr.

149 1469 196 1504 V.
216 1490 263 1495 —
288 1469 395 1504 Louis
410 1469 606 1505 THUASNE.
628 1462 759 1505 Etudes
779 1482 837 1504 sur
855 1469 1028 1505 Rabelais.
1055 1481 1067 1505 1
1091 1470 1163 1505 vol.
1193 1497 1201 1504 .
1281 1479 1324 1504 10
1348 1468 1392 1505 fr.

149 1539 212 1575 VI.
235 1560 281 1566 —-
306 1539 346 1574 L.
369 1540 419 1575 M.
441 1540 612 1575 CAPELLL
642 1540 841 1587 Pe'rrarque.
872 1541 919 1575 Le
946 1541 1047 1575 traite'
1074 1540 1126 1575 De
1151 1541 1205 1575 sui
1234 1541 1337 1587 ipsius
1359 1546 1392 1576 et

196 1599 378 1634 multorum
397 1601 598 1645 ignorantia.
626 1611 638 1634 1
659 1599 731 1634 vol.

147 1669 226 1728 VII.
247 1691 294 1696 —
314 1670 444 1717 Joseph
468 1681 516 1705 DE
541 1671 768 1706 ZANGRomz.
797 1671 1018 1717 Montaigne‚
1046 1670 1185 1717 Amyot
1208 1679 1243 1705 et
1268 1670 1389 1722 Saliat.

195 1729 309 1764 Etude
328 1741 388 1764 sur
406 1729 456 1764 les
475 1741 614 1764 sources
634 1731 694 1764 des
715 1730 827 1764 Essais
847 1730 890 1764 de
910 1730 1130 1776 Montaigne.
1157 1741 1170 1764 1
1194 1729 1267 1765 vol.
1314 1759 1324 1764 -

146 1798 242 1834 VIII.
270 1821 311 1825 -
340 1800 464 1846 Henry
489 1800 638 1835 Cocum
671 1809 705 1835 et
736 1800 832 1835 Lsson
859 1801 1002 1835 DOREz.-
1033 1800 1202 1835 Francisci
1225 1799 1391 1836 Petrarcae

193 1870 304 1893 rerum
330 1860 590 1894 memorabilium
614 1860 704 1901 libri,
733 1871 752 1894 e
778 1859 896 1894 codice
922 1859 1124 1906 apographo
1149 1859 1388 1895 Laurentiano

194 1929 303 1952 manu
322 1918 471 1953 Tedaldi
497 1918 588 1953 della
609 1919 697 1954 Casa
715 1928 855 1953 exarato
875 1918 958 1953 editi
978 1927 1013 1953 et
1033 1917 1236 1964 praefatione
1254 1919 1386 1954 ornati.

196 1987 208 2011 1
234 1976 305 2012 vol.
335 1977 433 2022 (Sous
449 1979 580 2024 presse).
788 1974 791 1976 ’
