1494 2600
184 293 313 343 tentijs
333 292 368 331 in
389 302 576 331 certamen
597 290 735 340 trahit;
756 292 871 331 altera
894 305 982 331 uero
1016 291 1154 344 paritas
1185 291 1280 343 ipsa,
1303 305 1391 344 que,

185 358 265 397 sine
301 369 412 396 sensu
447 369 573 403 eorum
608 355 671 407 qui
709 355 747 395 in
789 355 1105 408 comparationem
1140 351 1393 406 adducuntur,

185 422 435 475 spectantium
469 420 606 460 iudicia
630 421 666 460 in
699 420 886 460 diuersum
919 422 1011 475 agit,
1039 431 1079 462 ut
1105 422 1277 474 quamuis
1297 422 1334 461 in
1354 435 1397 462 se

184 487 388 526 concordes
414 486 489 525 duo
502 486 519 503 *
538 486 606 524 uiri
621 495 658 525 et
671 486 908 538 passionibus
924 486 1042 534 liberi,
1060 486 1256 527 uideantur
1270 496 1396 527 tamen

185 552 280 592 inter
299 565 339 591 se
364 551 482 599 taciti,
505 551 611 602 quasi
633 550 707 589 duo
739 550 938 603 propinqui
966 561 1126 598 montes,
1147 561 1213 592 aut
1238 551 1395 599 totidem

185 626 304 656 turres
336 617 494 663 excelse,
530 616 576 655 de
609 615 806 655 altitudine
840 616 1116 668 eminentiaque
1153 616 1391 657 contendere.
1426 620 1431 624 '

186 681 300 721 Cuius
321 681 547 732 exemplum,
571 680 642 719 nisi
669 679 846 719 memoria
872 693 930 719 me
949 679 1159 729 frustratur,
1183 690 1239 720 est
1261 682 1397 732 supra-

186 755 430 786 memoratum
447 758 512 797 par
527 744 689 784 uirorum
704 745 814 784 Plato
828 755 864 785 et
875 745 1097 797 Xenophon.
1117 745 1291 785 Incidunt
1306 757 1398 784 uero

184 824 454 863 nonnunquam
469 823 543 849 non
559 809 616 849 his
632 810 756 857 modo,
781 810 844 850 sed
870 810 1126 862 superioribus
1146 809 1256 850 etiam
1270 810 1394 849 acrio-

186 889 242 915 res
265 875 541 915 dissensionum
566 887 690 923 cause,
714 887 789 914 non
811 874 950 914 inuidia
977 875 1200 923 studiorum,
1227 875 1290 914 sed
1309 888 1393 927 pro-

183 940 308 980 fundis
326 941 513 979 flammate
526 940 637 990 odjis.
653 944 747 979 Nam
772 940 921 979 Salustii
937 940 974 978 in
985 939 1147 979 Tullium
1165 941 1266 992 (292)
1283 950 1398 992 atque

185 1005 354 1045 Eschinis
374 1005 410 1044 in
429 1004 714 1044 Demosthenem
737 1002 854 1055 (293),
879 1005 1084 1056 horumque
1106 1005 1144 1044 in
1164 1005 1248 1044 illos
1263 1004 1388 1044 inuec-

183 1071 274 1119 tiue,
294 1083 368 1110 non
392 1069 540 1122 ingenia
563 1083 683 1121 neque
711 1069 818 1109 stilos
847 1079 1022 1122 arguunt,
1044 1069 1107 1109 sed
1130 1082 1265 1115 mores,
1291 1082 1393 1109 ama·

184 1148 339 1187 rumque
358 1135 497 1187 aliquid
523 1145 559 1174 et
579 1134 728 1180 hostile,
755 1134 830 1174 imo
854 1148 942 1174 uero
962 1134 1273 1187 pacatum.nichil
1295 1134 1332 1174 in
1350 1148 1392 1174 se

184 1200 392 1242 continent.
416 1200 525 1239 Nulle
554 1199 603 1238 ibi
633 1198 780 1247 facetie‚
805 1199 928 1238 nullus
965 1200 1083 1249 iocus,
1107 1199 1170 1239 sed
1207 1209 1392 1239 certamen

185 1267 295 1318 longe
323 1265 439 1312 aliud,
473 1277 585 1316 quam
611 1264 711 1316 quod
739 1264 784 1303 de
809 1264 924 1304 literis
959 1275 1024 1304 aut
1055 1277 1121 1316 pro
1156 1264 1275 1317 gloria
1297 1263 1395 1303 sumi

184 1331 279 1370 solet
298 1344 307 1380 ·‚
323 1329 382 1370 cui
404 1329 530 1369 collati
551 1342 681 1368 omnes
702 1342 866 1368 meorum
889 1329 1052 1368 iudicum
1073 1328 1193 1369 aculei
1216 1328 1292 1368 ludi
1310 1338 1399 1369 sunt

185 1394 388 1447 equissimo
420 1393 545 1433 animo
581 1393 736 1441 ferendi,
768 1394 855 1432 dum
893 1403 1017 1446 preter
1054 1394 1122 1433 hos
1162 1393 1265 1445 ipsos
1301 1406 1400 1446 quos

183 1459 336 1508 audisti,
363 1459 463 1499 mille
489 1458 582 1498 alios
614 1459 763 1498 memini
784 1459 830 1498 de
860 1459 949 1498 solis
978 1459 1095 1499 literis
1117 1468 1395 1508 concertantes,

184 1524 404 1564 nominatim
434 1523 651 1563 Homericos
667 1523 895 1563 Aristarcum
915 1524 1014 1575 (294)
1037 1536 1082 1563 ac
1105 1523 1248 1563 Zoilum
1270 1525 1391 1576 (295),

185 1589 410 1642 Virgilianos
438 1588 675 1637 Cornificium
699 1590 800 1639 (296)
823 1598 860 1628 et
886 1589 1116 1641 Euangelum
1144 1590 1261 1639 (297),
1286 1588 1395 1628 Cice·

184 1654 358 1694 ronianos
386 1653 554 1693 Asinium
578 1654 795 1700 etcaluum
831 1653 949 1705 (298),
975 1654 1140 1706 dumque
1164 1653 1201 1693 in
1227 1653 1391 1692 animum

185 1719 298 1759 Gaius
328 1718 443 1767 uenit,
478 1717 595 1767 ferox,
621 1718 751 1766 fateor,
793 1718 857 1758 sed
887 1717 1039 1757 minime
1067 1718 1168 1758 rudis
1204 1718 1398 1770 princeps,

183 1784 247 1836 qui
289 1783 484 1837 cogitauit,
525 1793 566 1823 ut
598 1783 779 1835 scriptum
812 1783 881 1832 est{
919 1783 966 1822 de
988 1782 1137 1822 Homeri
1168 1782 1396 1822 carminibus

186 1848 396 1896 abolendis,
419 1861 484 1888 cur
505 1847 602 1888 enim
630 1847 699 1887 sibi
723 1860 798 1887 non
819 1847 931 1887 licere
951 1847 1095 1897 dicens,
1124 1847 1223 1900 quod
1246 1847 1397 1889 Platoni

184 1914 353 1954 licuisset
369 1914 487 1965 (299),
502 1913 564 1965 qui
580 1925 664 1952 eum
682 1926 702 1952 e
717 1912 870 1953 ciuitate
885 1925 997 1965 quam
1009 1912 1258 1953 constituebat
1273 1911 1395 1952 eiece-

185 1978 245 2020 rit.
270 1979 339 2018 Sed
361 1988 397 2018 et
415 1978 558 2031 Virgilii
580 1987 616 2018 et
636 1977 708 2018 Titi
730 1977 823 2029 Liuij
846 1977 983 2030 scripta
1004 1987 1042 2018 et
1060 1977 1242 2030 imagines
1262 1990 1394 2030 parum

187 2037 311 2083 abfuit'
337 2043 427 2095 quin
458 2056 501 2082 ex
539 2043 711 2082 omnibus
746 2042 981 2083 bibliothecis
1009 2042 1204 2091 amouerit‚
1236 2055 1394 2094 quorum

191 2109 347 2148 alterum
382 2118 423 2148 ut
449 2107 586 2147 nullius
610 2107 746 2160 ingenij
779 2107 1005 2159 minimeque
1030 2106 1211 2156 doctrine,
1236 2107 1393 2146 alterum

265 2245 329 2276 Fol.
357 2254 391 2285 37
418 2252 455 2275 r0.
