1494 2600
591 201 805 250 -67-

93 297 134 328 ut
145 286 257 336 idem,
282 287 368 328 licet
386 287 509 337 aliter,
519 288 690 337 dixerim,
704 298 817 341 atque
827 289 883 329 his
895 289 1020 329 omnia
1031 289 1302 339 iudicantibus,

94 352 157 392 sed
187 365 263 392 non
298 353 423 393 omnia
459 353 769 407 intelligentibus,
804 354 927 395 dicere
955 354 1055 395 aliud
1088 355 1191 396 uisus
1214 355 1300 398 sim.

95 422 229 471 Magna
247 417 345 458 enim
367 431 452 470 pars
471 418 736 472 ignorantium,
762 430 801 460 ut
820 419 922 472 ligno
942 419 1156 473 naufragus,
1180 420 1304 461 uerbis

92 481 210 531 heret,
229 495 351 535 neque
370 496 446 523 rem
468 483 561 523 bene
580 484 687 525 aliter
706 495 818 537 atque
838 485 943 525 aliter
961 485 1035 526 dici
1054 495 1182 538 putat;
1201 495 1304 526 tanta

94 547 153 587 uel
177 547 389 588 intellectus
422 550 480 589 uel
513 549 708 599 sermonis,
731 563 806 602 quo
833 559 1039 603 conceptus
1069 550 1302 603 exprimitur,

94 611 220 665 inopia
241 613 317 654 est!
346 614 525 666 Equidem
551 613 668 655 fateor
689 628 747 654 me
766 615 853 655 stilo
875 615 942 655 uiri
964 615 1078 665 illius,
1105 616 1227 668 qualis
1251 625 1307 656 est

93 677 218 727 nobis,
241 691 316 718 non
338 678 539 719 admodum
564 680 754 728 delectari,
770 673 946 733 'quamuis
970 693 1054 720 eum
1076 681 1112 720 in
1133 694 1307 721 sermone

93 742 245 795 proprio
266 753 302 784 et
321 744 468 785 dulcem
499 755 536 785 et
555 745 749 797 copiosum
771 755 807 785 et
827 755 997 786 ornatum
1025 745 1154 795 fuisse,
1179 746 1307 786 Grecis

93 807 252 849 testibus
272 819 309 849 et
331 810 454 850 Tullio
467 820 609 859 autore,
627 811 822 850 didicerim
833 810 864 858 *‚
883 819 1081 863 antequam
1098 811 1307 864 ignorantie

95 874 277 914 sententia
300 875 567 915 condemnarer
593 877 713 926 (207).
738 876 807 915 Sed
829 875 1071 928 interpretum
1099 876 1306 917 ruditate**

94 938 153 978 uel
174 938 315 979 inuidia
331 940 377 979 ad
392 953 462 980 nos
479 940 592 980 durus
607 940 813 992 scaberque
828 940 1012 992 peruenit,
1026 950 1066 981 ut
1080 953 1148 981 nec
1164 941 1210 981 ad
1229 942 1306 994 ple-

92 1016 180 1043 num
200 1004 361 1044 mulcere
380 1018 487 1045 aures
508 1005 640 1057 possit,
658 1018 726 1045 nec
751 1006 877 1046 herere
900 1006 1101 1057 memorie;
1127 1020 1202 1059 quo
1214 1007 1255 1047 fit
1268 1018 1308 1048 ut

93 1067 277 1108 interdum
308 1069 510 1110 Aristotilis
539 1080 699 1110 mentem
730 1083 803 1110 non
832 1070 946 1119 illius,
979 1072 1043 1111 sed
1074 1071 1151 1111 suis
1182 1072 1307 1112 uerbis

92 1132 298 1186 exprimere
319 1143 357 1174 et
378 1135 544 1175 audienti
565 1136 706 1188 gratius
727 1145 763 1176 et
783 1136 994 1188 promptius
1014 1136 1063 1177 sit
1084 1137 1268 1189 loquenti.

148 1199 379 1251 Nequeillud
391 1200 662 1250 dissimulow‘,
675 1201 775 1253 quod
798 1214 953 1254 persepe
964 1214 1048 1242 cum
1064 1202 1194 1243 amicis
1211 1203 1304 1254 dixi,

94 1275 192 1303 nunc
213 1273 252 1304 ut
272 1264 432 1304 scribam
456 1278 585 1318 cogor,
612 1279 685 1305 non
708 1266 858 1319 ignarus
885 1280 1062 1320 magnum
1088 1267 1174 1307 hinc
1195 1268 1310 1320 michi

92 1327 191 1368 fame
214 1329 419 1381 periculum
440 1329 590 1378 instare,
618 1344 870 1384 magnumque
896 1341 931 1372 et
957 1345 1096 1372 nouum
1117 1332 1211 1382 eius,
1234 1347 1307 1386 que

94 1393 206 1433 michi
231 1394 404 1443 obicitur,
433 1406 692 1448 argumentum
722 1395 943 1450 ignorantie.
968 1397 1133 1437 Scribam
1164 1408 1304 1448 tamen,

94 1471 164 1498 nec
189 1459 327 1500 iudicia
353 1460 542 1500 hominum
567 1461 735 1503 uerebor.
760 1462 924 1502 Audiant
944 1476 1003 1502 me
1029 1462 1156 1503 licebit
1177 1477 1307 1504 omnes

93 1523 159 1575 qui
179 1537 335 1576 usquam
354 1535 440 1565 sunt
461 1525 702 1568 Aristotelici.
721 1526 800 1567 Scis
820 1519 931 1579 quarn
946 1527 1056 1568 facile
1075 1529 1194 1568 solum
1210 1530 1309 1570 hunc

95 1589 332 1642 peregrinum
357 1600 392 1630 et
420 1590 593 1643 exiguum
626 1602 835 1644 conspuent
858 1593 1024 1633 libellum
1060 1596 1127 1645 (est
1150 1594 1248 1634 enim
1270 1594 1309 1634 in

96 1653 260 1694 conuitia
281 1667 437 1706 pronum
456 1658 585 1708 genus)
610 1671 619 1707 ;
642 1657 705 1696 sed
727 1656 774 1696 de
797 1657 866 1697 hoc
887 1657 1035 1698 libellus
1055 1658 1138 1710 ipse
1158 1659 1306 1709 uiderit,

95 1732 171 1771 quo
194 1732 234 1759 se
257 1720 372 1760 linteo
400 1721 591 1775 detergat:
616 1722 728 1762 modo
757 1735 804 1762 ne
834 1736 891 1762 me
924 1734 1150 1776 conspuant,
1175 1734 1232 1765 sat
1252 1735 1310 1765 est

96 1783 225 1827 michi.
249 1785 413 1825 Audiam
433 1786 677 1837 Aristotelici‚
700 1787 866 1840 inquam,
893 1801 1040 1843 omnes,
1066 1800 1102 1830 et
1130 1789 1307 1842 quoniam

138 1965 153 1980 '²
173 1964 392 2007 L’autographe
418 1966 519 1998 donne
544 1967 739 2006 dididicerim;
770 1969 946 2010 petramque,
975 1978 1070 2012 ayant
1104 1973 1208 2003 oublie
1236 1973 1313 2013 qu’il

95 2012 180 2043 avait
200 2012 265 2052 deja
285 2013 359 2044 ecrit
378 2014 405 2044 la
420 2015 536 2055 syllabe
549 2015 581 2046 di
598 2015 614 2045 a
635 2015 661 2046 la
678 2015 717 2046 fin
733 2016 771 2047 de
788 2018 814 2047 la
833 2018 914 2058 ligne
929 2017 1120 2058 pre'ce'dente,
1139 2029 1155 2050 a
1174 2020 1264 2052 rectit
1284 2022 1311 2052 le

99 2066 162 2090 mot
181 2066 249 2091 tout
276 2061 375 2092 entier
400 2070 438 2091 au
461 2070 722 2094 commencement
747 2063 784 2095 de
810 2065 918 2095 l'autre
946 2065 1039 2106 ligne,
1068 2066 1107 2097 ou
1131 2067 1151 2098 il
1169 2067 1252 2099 n'eut
1270 2067 1311 2099 du

99 2113 196 2138 tracer
214 2116 274 2146 que
289 2107 331 2138 les
349 2108 424 2138 trois
439 2108 593 2140 dernieres
614 2111 747 2151 syllabes
765 2110 805 2142 du
825 2119 898 2142 mot.

140 2154 168 2169 '⁶‘
191 2157 229 2184 Le
248 2161 311 2185 mot
327 2155 456 2186 ruditate
479 2165 495 2186 a
519 2157 567 2187 ete
584 2157 685 2197 ajoute
703 2157 780 2188 dans
798 2159 824 2189 la
841 2168 942 2201 marge
963 2160 999 2192 de
1019 2160 1127 2198 droite‚
1147 2161 1163 2193 ὲ
1186 2163 1212 2193 la
1232 2163 1313 2194 suite

98 2199 140 2231 du
155 2207 219 2232 mot
237 2202 435 2241 interpretum.

142 2248 184 2264 *⁸*
207 2249 269 2280 Fol.
292 2258 332 2289 24
351 2257 394 2282 νο.
