1494 2600
0 0 101 211 ,Γ

91 288 196 328 cuius
224 288 371 342 singule
389 288 652 328 conuersiones
678 287 775 327 idem
797 285 962 326 efficiunt
982 285 1020 325 in
1054 285 1133 326 sole
1155 294 1192 326 et
1212 286 1298 325 luna

91 362 128 393 et
147 353 183 393 in
204 353 369 406 quinque
388 353 505 394 stellis
525 353 747 401 errantibus,
769 352 868 404 quod
890 350 1048 391 efficitur
1068 350 1106 390 in
1124 351 1204 391 celo
1224 351 1301 392 sin-

89 418 188 472 gulis
221 418 353 458 diebus
372 428 409 459 et
442 418 630 467 noctibus,
652 418 736 470 quis
760 417 797 456 in
836 417 898 456 illa
932 415 1101 456 barbarie
1129 416 1289 465 dubitet,

89 483 180 536 quin
195 496 238 523 ea
255 496 361 535 spera
375 482 423 523 sit
436 482 596 536 perfecta
611 483 755 522 ratione
771 482 784 521 ?
801 482 845 522 Hi
858 491 982 522 autem
997 483 1005 532 (
1018 494 1026 520 i
1038 482 1099 532 40)
1119 480 1293 522 dubitant

88 547 135 588 de
153 548 307 599 mundo,
332 561 377 588 ex
400 561 476 601 quo
502 548 671 588 oriuntur
704 557 740 587 et
762 546 856 587 fiunt
887 546 1026 595 omnia,
1051 558 1138 586 casu
1170 559 1216 586 ne
1250 547 1297 587 sit

88 612 169 666 ipse
188 613 353 662 effectus,
381 623 446 654 aut
465 613 688 653 necessitate
708 613 847 664 aliqua,
870 625 917 651 an
938 610 1080 651 ratione
1107 623 1153 651 ac
1177 621 1299 652 mente

89 677 228 718 diuina.
245 677 502 718 Archimedem
524 679 604 730 (¹4¹
618 678 625 727 )
639 677 867 717 arbitrantur
881 676 965 728 plus
985 675 1296 716 ualuisseinimi-

87 742 211 783 tandis
230 755 338 796 spere
357 742 679 790 conuersionibus,
702 754 816 794 quam
841 751 1010 781 naturam
1025 741 1062 780 in
1077 739 1295 790 efficiendis,

89 806 280 860 presertim
303 820 387 847 cum
413 807 539 848 multis
571 807 741 860 partibus
772 807 846 846 sint
883 806 945 846 illa
974 805 1152 858 perfecta,
1185 819 1296 858 quam

89 870 156 912 hec
183 872 355 913 simulata
394 872 580 914 solertius.
605 885 626 911 »
663 876 753 920 Hec,
785 881 826 911 ut
851 870 974 920 audis,
1004 870 1105 923 apud
1133 870 1294 910 Tullium

87 936 224 990 scripta
255 947 356 980 sunt.
389 937 532 992 Qibus
563 937 688 986 dictis,
714 937 842 976 rudem
873 949 960 975 mox
981 945 1167 988 pastorem
1191 935 1295 976 illum

86 1001 199 1042 sumit
219 1001 269 1041 ab
283 1002 415 1042 Ac*cio
431 1011 542 1054 poeta
556 1011 591 1042 et
604 1001 650 1041 ad
667 1000 902 1054 propositum
917 1013 1026 1040 suum
1042 1000 1155 1040 trahit
1169 1002 1292 1052 (142),

85 1066 210 1107 nauim
231 1080 420 1120 nunquam
448 1076 558 1107 antea
586 1066 656 1107 sibi
690 1059 824 1117 uisam,
850 1066 953 1106 illam
983 1065 1127 1106 scilicet
1152 1078 1226 1118 qua
1258 1066 1295 1105 in

88 1132 251 1173 Colchon
278 1132 507 1173 uehebantur
537 1136 762 1186 Argonaute,
788 1131 917 1184 procul
939 1143 959 1171 e
989 1140 1116 1171 monte
1135 1143 1293 1171 cernen-

85 1205 176 1248 tem,
197 1207 309 1250 atque
331 1197 533 1238 attonitum
553 1197 722 1237 nouitate
750 1195 933 1245 miraculi,
963 1205 1240 1248 patientemque
1260 1205 1296 1236 et

86 1262 201 1302 multa
220 1275 344 1303 secum
365 1262 596 1314 opinantem,
627 1271 791 1302 montem
815 1270 881 1301 aut
900 1273 1031 1301 saxum
1059 1270 1154 1301 terre
1176 1261 1298 1301 uisce-

85 1325 186 1368 ribus
208 1337 367 1377 erutum‚
390 1339 434 1368 ac
455 1326 578 1367 uentis
598 1326 800 1379 impulsum
822 1326 956 1380 pelago
985 1325 1079 1378 rapi,
1103 1334 1168 1366 aut
1193 1335 1294 1366 atros

83 1392 249 1433 turbines
267 1392 511 1446 conglobatos
528 1393 706 1432 fluctuum
725 1403 922 1441 concursu,
943 1400 1007 1431 aut
1027 1391 1102 1431 tale
1117 1390 1257 1443 aliquid
1279 1405 1288 1441 ;

84 1456 176 1498 uisis
202 1457 288 1498 inde
306 1457 503 1497 iuuenibus
531 1470 689 1510 quorum
713 1470 785 1508 ope
818 1465 931 1508 atque
960 1468 1072 1508 opera
1100 1454 1293 1510 nauigium

83 1522 277 1577 agebatur,
300 1532 336 1563 et
367 1532 478 1563 cantu
508 1522 658 1563 nautico
690 1521 834 1569 audito,
871 1522 1101 1574 heroumque
1126 1521 1294 1561 uultibus

83 1587 310 1640 conspectis,
331 1587 377 1627 ad
399 1600 440 1627 se
456 1600 659 1636 reuersum,
681 1596 717 1627 et
732 1599 853 1626 errore
870 1599 915 1627 ac
932 1595 1086 1638 stupore
1101 1585 1290 1638 deposito,

82 1653 260 1706 quidnam
283 1651 334 1693 rei
352 1662 450 1693 esset
469 1652 676 1707 intelligere
689 1650 945 1704 incipientem.
964 1655 1056 1692 Post
1075 1663 1148 1704 que
1165 1651 1292 1691 statim

82 1717 191 1759 infert
202 1717 331 1759 Cicero
347 1731 355 1758 ε
378 1722 519 1772 «Ergo,
536 1717 672 1770 inquit,
695 1725 737 1757 ut
752 1717 812 1757 hic
826 1717 947 1770 primo
961 1726 1118 1770 aspectu
1131 1715 1293 1756 inanime

82 1782 260 1835 quiddam
281 1796 467 1836 sensuque
487 1795 645 1823 uacuum
675 1795 715 1822 se
739 1791 847 1834 putat
866 1794 1031 1831 cernere,
1057 1790 1143 1834 post
1169 1790 1294 1821 autem

83 1846 201 1900 signis
237 1847 457 1888 certioribus
485 1848 595 1900 quale
627 1847 675 1887 sit
709 1846 815 1896 illud,
849 1847 895 1886 de
932 1859 1008 1899 quo
1041 1845 1291 1895 dubitauerat‚

84 1911 217 1965 incipit
243 1912 440 1965 suspicari,
467 1913 522 1953 sic
544 1912 760 1965 philosophi
792 1911 1014 1960 debuerunt,
1047 1911 1077 1951 si
1103 1909 1200 1951 forte
1229 1924 1294 1951 eos

85 1977 226 2029 primus
241 1987 415 2030 aspectus
436 1977 564 2018 mundi
582 1978 882 2026 conturbauerat‚
907 1985 1051 2029 postea,
1069 1988 1155 2017 cum
1177 1975 1294 2016 uidis-

85 2052 168 2082 sent
187 2052 312 2083 motus
333 2043 412 2083 eius
431 2043 556 2083 finitos
580 2052 615 2083 et
636 2042 842 2095 equabiles,
863 2040 1064 2094 omniaque
1083 2040 1171 2081 ratis
1189 2040 1291 2081 ordi-

64 2156 66 2158 ,
84 2106 194 2148 nibus
238 2108 441 2157 moderata,
481 2107 780 2159 immutabilique
818 2106 1041 2156 constantia,
1085 2106 1294 2159 intelligere

125 2250 140 2266 ⁶
158 2251 222 2282 Fol.
246 2259 276 2291 ¹5
298 2255 344 2283 ν’.
