1494 2600
698 179 910 240 L.5g-

198 263 425 326 secutusque
437 275 688 315 Democritum
702 280 896 329 Epycurus
909 278 1027 328 (175),
1043 276 1122 328 qui,
1136 289 1183 315 ne
1196 276 1284 328 quid
1300 277 1407 329 peni-

200 349 259 378 tus
282 340 427 379 deesset
452 339 727 391 insanie(176l,
751 341 911 380 mundos
923 341 1210 381 innumerabiles
1231 355 1401 393 posuere.

198 404 305 458 Qiod
319 416 402 443 cum
424 404 642 452 audiuisset‚
657 406 864 456 suspirasse
884 405 997 445 fertur
1014 406 1221 445 Alexander
1234 407 1402 455 Macedo,

199 469 297 520 quod
320 469 483 508 nondum
514 482 626 508 unum
647 483 692 508 ex
719 470 921 510 innumeris
941 470 1151 523 subegisset
1172 472 1292 522 (¹77).
1310 471 1404 510 Vani

200 533 370 585 uastique
383 533 497 573 animi
520 534 718 586 suspirium
736 535 742 573 !
760 539 865 575 Certe
879 535 914 574 hi
930 535 1005 575 duo
1018 535 1278 587 philosophice
1297 535 1404 575 here-

198 598 250 637 sis
270 598 378 638 huius
392 608 562 638 auctores
579 599 651 650 (sic)
676 600 910 638 millesimam
930 600 1096 639 nondum
1119 610 1260 652 partem
1276 601 1403 640 mundi

197 662 308 702 unius
319 673 562 716 agnouerant,
573 664 661 703 dum
676 664 834 703 mundos
846 664 1135 704 innumerabiles
1150 664 1401 707 somniabant.
1435 656 1438 661 ’

200 732 211 766 Ι
229 741 340 776 nunc,
352 738 387 768 et
399 741 472 768 non
485 730 604 768 solum
619 728 765 778 doctos,
777 729 840 768 sed
859 729 1002 769 sobrios
1017 729 1128 770 etiam
1143 742 1186 769 ac
1206 729 1401 778 discretos,

198 793 374 845 quodque
385 802 439 833 est
453 793 787 842 euidentissimum,
798 794 939 834 otiosos
949 793 1203 847 nega,quibu's
1217 794 1406 835 uacauerit

198 857 286 897 talia
309 858 520 911 cogitare*!
544 858 639 912 Qid
666 859 713 898 de
731 858 814 909 alijs
843 859 979 908 dicam,
1004 859 1067 911 qui
1086 872 1160 899 non
1181 859 1404 899 mundorum

196 923 574 963 innumerabilitatem
596 923 890 976 infinitatemque
915 925 1095 973 locorum,
1113 934 1154 964 ut
1172 924 1208 963 hi
1229 924 1402 976 proximi,

198 987 260 1026 sed
285 987 411 1027 mundi
435 987 543 1027 huius
563 987 795 1028 eternitatem
827 989 1026 1029 astruunt?
1054 993 1094 1028 In
1119 1001 1231 1041 quam
1253 998 1404 1029 senten-

198 1051 302 1100 tiam,
336 1063 457 1104 preter
487 1053 681 1093 Platonem
723 1065 767 1092 ac
810 1053 1032 1105 platonicos,
1085 1053 1299 1105 philosophi
1329 1053 1406 1094 fere

194 1129 340 1166 omnes,
379 1127 415 1157 et
443 1131 526 1157 cum
557 1117 629 1157 illis
659 1117 731 1157 mei
760 1131 910 1170 quoque
939 1118 1096 1167 iudices,
1122 1128 1163 1159 ut
1191 1118 1404 1171 philosophi

197 1181 322 1232 potius
351 1195 462 1234 quam
494 1182 659 1222 cristiani
697 1183 907 1232 uideantur,
935 1183 1137 1234 inclinant;
1167 1192 1204 1223 et
1229 1192 1269 1223 ut
1299 1182 1404 1223 illum

198 1245 487 1286 famosissimum
509 1247 588 1286 siue
606 1246 780 1286 infamem
803 1248 919 1299 Persij
939 1247 1163 1288 uersiculum
1181 1239 1400 1288 defendant:

196 1310 307 1363 Gigni
325 1311 371 1350 de
393 1311 532 1351 nichilo
546 1311 675 1361 nichil,
689 1312 727 1351 in
748 1312 926 1352 nichilum
937 1312 989 1352 nil
1002 1326 1113 1365 posse
1132 1312 1265 1353 reuerti
1280 1313 1400 1364 (178),

197 1388 271 1414 non
291 1376 402 1419 modo
427 1376 553 1416 mundi
576 1376 754 1416 fabricam
773 1377 942 1417 Platonis
962 1377 999 1417 in
1014 1377 1169 1418 Thimeo
1193 1379 1313 1429 (179),
1337 1378 1402 1418 sed

199 1439 399 1480 Mosaicam
420 1442 607 1490 Genesim,
622 1441 807 1494 fidemque
823 1442 1060 1492 catholicam,
1082 1452 1278 1494 totumque
1295 1442 1403 1482 Cristi

192 1503 332 1557 dogma
370 1505 647 1545 sanctissimum
685 1519 728 1545 ac
763 1505 1044 1546 saluberrimum
1063 1531 1066 1534 >
1083 1516 1120 1547 et
1160 1506 1287 1547 celesti
1323 1519 1404 1546 rore

195 1569 411 1608 mellifluum
438 1583 658 1623 oppugnare
687 1583 761 1610 non
791 1581 970 1620 metuant,
987 1571 1058 1611 nisi
1094 1571 1256 1612 humano
1282 1571 1403 1625 magis

191 1646 306 1685 quam
327 1634 454 1674 diuino
475 1634 661 1687 supplicio
689 1645 907 1678 terreantur.
929 1640 1012 1690 Quo
1043 1646 1227 1686 cessante,
1250 1637 1401 1677 submo-

195 1698 318 1751 tisque
341 1699 503 1747 arbitris,
527 1710 749 1754 oppugnant
769 1701 961 1741 ueritatem
983 1711 1020 1741 et
1033 1701 1224 1754 pietatem,
1246 1702 1402 1742 clancu-

196 1765 272 1803 lum
308 1764 346 1803 in
375 1765 523 1818 angulis
560 1765 799 1806 irridentes**
828 1766 1002 1816 eristum,
1024 1775 1137 1819 atque
1157 1766 1399 1816 Aristotilem‚

191 1842 304 1880 quem
326 1842 400 1868 non
426 1829 651 1883 intelligunt,
679 1831 891 1881 adorantes,
915 1844 1047 1884 meque
1066 1831 1164 1881 ideo,
1186 1831 1286 1884 quod
1316 1844 1402 1871 curn

195 1894 248 1933 eis
278 1906 398 1947 genua
434 1907 509 1934 non
541 1895 711 1944 incuruo,
733 1906 925 1946 accusant,
947 1896 1047 1948 quod
1082 1907 1139 1937 est
1170 1896 1255 1936 fidei
1276 1891 1400 1950 ³igno-

193 1958 312 1998 rantie
335 1959 539 1999 tribuentes
561 1960 680 2012 (180).
696 1960 823 2000 Fidem
840 1961 938 2000 enim
959 1961 1076 2013 ipsam
1091 1961 1261 2001 incusare
1277 1961 1399 2011 ueriti,

235 2137 248 2150 *
282 2137 374 2178 Apres
399 2139 540 2178 cogitare,
568 2140 594 2170 le
625 2140 710 2180 signe
742 2140 779 2171 de
814 2140 1013 2180 punctuation
1046 2140 1302 2180 supplementaire
1333 2140 1400 2181 deja

190 2185 347 2262 Slggalfeol.
369 2241 407 2262 20
424 2235 467 2263 νο.
