1494 2600
228 449 699 508 FRANCISCI
759 448 1240 507 PETRARCE

128 623 220 668 AD
278 622 637 667 DONATUM
694 621 1333 666 APENNlNlGENAM

569 758 900 803 EPISTULA

179 1233 302 1272 Habes
323 1232 436 1281 enim,
458 1233 592 1280 amice,
621 1232 692 1272 iam
716 1233 866 1272 tandem
900 1242 1135 1285 expectatum
1164 1233 1331 1285 promis-

125 1311 284 1350 sumque
305 1297 454 1346 librum,
482 1311 636 1349 paruum
665 1298 711 1336 de
731 1298 885 1337 materia
910 1297 1064 1351 ingenti,
1092 1311 1172 1337 mea
1194 1297 1338 1338 scilicet

123 1355 168 1404 ac
189 1363 389 1402 multorum
416 1363 640 1415 ignorantia,
675 1376 786 1415 quem
821 1363 850 1402 si
887 1363 1025 1417 ingenij
1056 1363 1191 1402 incude
1223 1363 1335 1415 studij

126 1429 246 1468 maleo
263 1428 463 1468 extendere
481 1427 659 1475 licuisset,
678 1427 785 1467 crede
806 1428 933 1478 michi,
952 1428 987 1468 in
1006 1428 1136 1468 cameli
1151 1427 1335 1469 sarcinam

124 1492 363 1533 excreuisset.
389 1497 482 1532 Nam
507 1506 579 1545 que
612 1493 720 1533 latior
747 1493 923 1545 loquendi
944 1506 1042 1542 area,
1074 1494 1159 1545 quis
1180 1505 1335 1545 campus

123 1557 396 1612 ingentior(1l‚
416 1570 527 1610 quam
550 1558 710 1597 humane
723 1567 904 1598 tractatus
925 1558 1147 1612 ignorantie,
1171 1568 1207 1599 et
1242 1572 1330 1611 pre-

122 1623 249 1663 sertim
270 1622 376 1662 mee?
398 1627 450 1662 Ita
483 1636 571 1662 uero
592 1622 690 1662 hunc
714 1623 827 1675 leges,
852 1633 893 1663 ut
925 1636 984 1662 me
1002 1633 1090 1663 ante
1111 1622 1237 1663 focum
1259 1624 1331 1677 hy-

124 1687 247 1729 bernis
266 1687 440 1727 noctibus
468 1686 697 1728 fabulantem
721 1687 849 1727 audire
884 1688 995 1737 soles,
1016 1698 1052 1728 et
1072 1701 1146 1740 qua
1170 1688 1334 1741 impetus

122 1751 192 1793 fert
224 1762 438 1805 uagantem.
463 1752 572 1792 Liber
591 1752 742 1805 quidem
763 1753 915 1800 dicitur,
937 1753 1166 1805 colloquium
1188 1763 1245 1794 est
1259 1755 1332 1805 (2);

123 1818 175 1858 nil
194 1818 240 1857 de
264 1817 358 1858 libro
385 1817 496 1857 habet
525 1827 647 1870 preter
670 1831 822 1868 nomen,
856 1831 929 1857 non
952 1819 1102 1866 molem,
1127 1831 1203 1858 non
1231 1819 1334 1859 ordi-

123 1894 223 1933 nem,
244 1895 319 1922 non
339 1881 480 1930 stilum,
504 1895 579 1922 non
608 1882 770 1935 denique
789 1883 1026 1936 grauitatem,
1051 1889 1091 1924 ut
1110 1884 1174 1936 qui
1196 1883 1338 1926 cursim.

126 1947 164 1987 in
186 1947 316 1988 itinere
343 1957 619 1999 approperante
640 1947 875 1999 conscriptus
895 1948 964 1998 sit;
987 1948 1049 1987 sed
1087 1948 1171 1988 ideo
1198 1949 1333 1989 librum

125 2013 299 2064 appelare
332 2025 436 2052 mens
471 2011 554 2062 fuit,
592 2020 632 2051 ut
663 2025 779 2064 paruo
816 2022 852 2052 te
885 2026 1050 2063 munere,
1093 2027 1230 2067 magno
1268 2014 1332 2054 sed

125 2077 276 2116 nomine
295 2090 494 2129 promerer,
516 2086 551 2116 et
565 2076 655 2117 fisus
679 2077 765 2117 licet
788 2087 914 2118 nostra
934 2077 1001 2118 tibi
1023 2079 1147 2118 omnia
1170 2080 1330 2132 placere,

125 2151 248 2182 tamen
266 2141 316 2182 ita
336 2151 372 2182 te
394 2141 520 2181 fallere
546 2141 726 2195 cogitaui.
754 2147 818 2182 Est
840 2152 877 2182 et
901 2142 995 2183 inter
1015 2143 1156 2184 amicos
1180 2145 1239 2188 hic
1259 2144 1333 2185 fal-

127 2207 225 2247 lendi
242 2220 331 2247 usus
347 2208 412 2259 (3),
435 2207 641 2259 pauxillum
669 2220 862 2260 pomorum
882 2209 929 2259 (4)
953 2209 1011 2248 uel
1029 2208 1204 2262 exiguum
1223 2209 1334 2251 obso-
