1494 2600
638 206 851 244 -61-

136 293 326 342 scribitur,
345 306 462 347 genus
494 293 691 345 eloquendi
716 303 866 334 secutus
890 303 946 333 est
977 293 1128 346 elegans
1146 302 1183 334 et
1203 303 1349 346 tempe-

137 369 271 407 ratum,
298 358 588 411 precipuamque
617 371 742 398 curam
777 358 884 398 duxit
919 371 1068 398 sensum
1101 358 1215 398 animi
1236 372 1348 412 quam

135 423 372 476 apertissime
402 422 621 475 exprimere,
645 432 681 463 et
712 423 853 463 amicos
877 423 989 463 irrisit
1008 422 1120 463 uerba
1141 423 1291 464 insolita
1313 434 1349 465 et

135 488 294 528 obscura
330 497 538 540 captantes,
570 498 607 528 et
636 488 780 528 hostem
810 487 1008 540 increpuit,
1033 498 1072 528 ut
1096 488 1282 539 insanum,
1306 502 1348 529 ea

135 553 374 602 scribentem,
398 566 472 605 que
504 552 680 593 mirentur
701 553 826 605 potius
855 553 1048 593 audientes
1067 566 1178 606 quam
1207 553 1347 595 intelli-

135 610 227 671 gant
250 618 476 669 (184).Vere
493 631 581 671 ergo
602 617 684 657 miri
699 618 882 667 homines,
900 617 962 670 qui
979 617 1064 658 hinc
1082 618 1347 672 doctrineglo-

137 683 227 723 riam
249 693 494 735 aucupentur,
521 683 620 722 unde
639 683 738 735 apud
770 683 902 723 doctos
923 682 1133 736 ignorantie
1163 694 1349 724 merentur

137 747 342 791 infamiam.
358 752 550 787 Summum
572 747 669 787 enim
692 747 828 800 ingenij
845 757 879 788 et
898 748 1053 788 scientie
1070 760 1344 801 argumentum,
1373 765 1376 772 *

134 813 300 855 claritas,
342 818 436 865 Nam
468 813 568 865 quod
611 814 710 852 clare
745 812 830 864 quis
866 812 1055 866 intelligit,
1090 814 1188 853 clare
1223 815 1346 867 eloqui

136 887 272 930 potest,
301 878 476 930 quodque
510 878 610 917 intus
640 878 676 917 in
707 877 831 917 animo
858 891 926 917 suo
956 877 1080 927 habet,
1105 878 1285 919 auditoris
1310 879 1346 919 in

131 942 298 982 animum
330 942 601 984 transfundere.
634 947 686 982 lta
718 955 846 981 uerum
878 942 933 988 fit,
962 943 1063 994 quod
1097 942 1153 983 his
1186 943 1346 984 dilectus

133 1019 203 1047 nec
238 1007 448 1048 intellectus
488 1007 698 1047 Aristotiles
718 1007 771 1047 ait
812 1007 849 1046 in
887 1007 1008 1060 primo
1048 1008 1341 1061 Methaphisice:

133 1070 286 1111 scientis
318 1071 465 1125 signum
490 1085 601 1124 posse
620 1072 755 1112 docere
778 1071 902 1125 (185).
918 1073 1100 1127 Qamuis
1131 1073 1201 1113 hoc
1221 1073 1343 1126 ipsum

131 1136 290 1176 artificio
310 1149 384 1176 non
406 1137 640 1190 uacet,qui'a,
659 1147 699 1177 ut
715 1137 768 1177 ait
783 1137 910 1177 Cicero
922 1138 1087 1178 secundo
1108 1142 1162 1177 De
1177 1138 1340 1192 iegibus:

134 1214 248 1241 «non
277 1203 397 1242 solum
431 1202 528 1242 scire
547 1201 686 1255 aliquid
707 1203 797 1243 artis
830 1213 899 1251 est,
924 1203 987 1242 sed
1015 1204 1174 1255 quedam
1195 1217 1255 1244 ars
1288 1215 1344 1245 est

130 1266 243 1306 etiam
255 1267 413 1307 docendi
427 1283 446 1304 >³
467 1268 585 1319 (186).
605 1272 652 1307 At
666 1281 724 1307 ars
743 1268 810 1307 hec
824 1268 999 1307 nimirum
1021 1268 1059 1307 in
1075 1268 1286 1309 intellectus
1299 1283 1343 1310 ac

131 1332 287 1372 scientie
322 1332 492 1372 claritate
522 1331 674 1372 fundata
704 1341 776 1372 est.
807 1333 883 1372 Etsi
921 1333 1017 1373 enim
1048 1346 1107 1372 ars
1132 1333 1342 1375 huiusmodi

131 1406 253 1448 preter
273 1396 465 1437 scientiam
478 1397 661 1450 exigatur,
681 1398 727 1437 ad
749 1397 1031 1449 exprimendum
1052 1398 1195 1439 scilicet
1214 1399 1343 1452 impri-

131 1461 382 1514 mendumque
404 1462 517 1501 animi
538 1472 755 1515 conceptus,
779 1464 879 1503 nulla
900 1475 958 1502 ars
973 1473 1097 1503 tamen
1118 1464 1165 1503 de
1181 1464 1342 1505 obscuro

131 1526 280 1579 ingenio
303 1527 440 1566 claram
470 1537 616 1579 promet
646 1529 850 1567 orationem
862 1528 894 1569 *.
919 1527 1037 1567 Amici
1058 1538 1182 1568 autem
1207 1530 1338 1580 nostri,

128 1603 196 1630 nos
217 1592 299 1631 luce
318 1592 522 1645 gaudentes
557 1605 678 1644 neque
707 1605 831 1632 secum
853 1593 891 1632 in
908 1593 1071 1633 tenebris
1097 1593 1338 1646 palpitantes,

127 1655 235 1707 quasi
255 1666 380 1696 nostre
411 1656 574 1697 sciencie
603 1657 761 1706 diffisos,
782 1667 818 1698 et
844 1658 892 1697 ob
912 1658 947 1697 id
979 1658 1145 1698 omnium
1173 1658 1338 1712 ignaros,

127 1720 215 1772 quia
243 1733 320 1761 non
348 1721 396 1761 de
417 1721 589 1762 omnibus
622 1735 687 1774 per
718 1723 882 1775 compita
911 1723 1160 1775 disputamus,
1190 1737 1235 1763 ex
1263 1726 1340 1765 alto

126 1785 354 1838 despiciunt,
381 1796 567 1827 tumentes
591 1787 768 1827 inauditis
788 1787 1026 1841 ambagibus,
1050 1788 1195 1841 sibique
1215 1790 1336 1841 preci-

127 1863 201 1901 pue
229 1850 317 1891 hinc
358 1853 562 1903 placentes,
595 1852 696 1904 quod
734 1866 818 1892 cum
851 1853 964 1893 nichil
1001 1854 1135 1903 sciant,
1174 1855 1338 1906 profiteri

127 1915 252 1955 omnia
266 1925 303 1956 et
319 1917 478 1956 clamare
498 1917 545 1956 de
565 1917 738 1957 omnibus
755 1918 979 1960 didicerunt.
1004 1923 1133 1971 Neque
1146 1920 1229 1960 illos
1253 1920 1339 1961 hinc

127 1979 279 2020 retrahit
301 1981 422 2033 pudor
452 1982 563 2031 ullus,
595 1992 659 2022 aut
692 1982 888 2030 modestia,
920 1993 957 2023 et
989 1983 1217 2025 conscientia
1250 1985 1340 2025 lati-

126 2044 239 2084 tantis
275 2044 472 2095 insci**tie,
503 2060 622 2099 neque
660 2060 733 2087 non
768 2048 889 2087 dicam
922 2047 985 2088 ille
1008 2049 1130 2100 Publij
1166 2049 1334 2090 mimus:

165 2167 179 2181 ⁸
200 2167 292 2208 Apres
319 2169 487 2205 orationem,
514 2170 540 2200 le
568 2170 654 2211 signe
679 2170 716 2202 de
743 2171 942 2211 ponctuation
969 2171 1035 2212 deja
1053 2173 1169 2214 signale'
1187 2174 1337 2213 plusieurs

124 2213 197 2246 fois.

165 2261 194 2277 *¹⁸¹
217 2262 280 2294 Fol.
301 2271 339 2293 22
360 2266 398 2295 r⁰.
