1494 2600
98 316 271 368 quamuis
289 329 374 356 uera
393 326 530 365 essent,
553 315 665 356 nichil
685 316 834 368 penitus
851 316 896 355 ad
914 315 1061 356 beatam
1080 314 1194 355 uitam
1213 315 1308 364 (68).

98 385 194 421 Nam
215 381 322 434 quid,
346 394 426 429 oro,
441 390 591 422 naturas
613 381 806 421 beluarum
828 390 864 420 et
877 381 1070 420 uolucrum
1094 390 1130 420 et
1150 379 1311 432 piscium

101 456 138 487 et
158 456 374 499 serpentum
400 459 509 486 nosse
533 446 726 499 profuerit,
758 456 794 486 et
830 457 999 487 naturam
1027 445 1233 492 hominum,
1264 443 1310 483 ad

99 511 200 563 quod
236 511 311 551 nati
341 524 483 559 sumus,
524 511 622 550 unde
658 521 692 551 et
722 507 798 563 quo
828 511 1030 564 pergimus,
1066 510 1139 561 [uel
1169 509 1313 549 nescire

101 575 206 626 uel]*
223 588 399 627 spernere
418 575 431 615 ?

157 645 234 680 Hec
253 650 289 681 et
309 641 380 680 alia
402 641 628 690 huiusmodi,
650 641 830 681 aduersus
855 641 923 681 hos
948 641 1103 687 scribas,
1128 653 1203 679 non
1229 652 1311 679 mo-

100 705 386 758 saicafl‘utique
409 719 476 746 nec
497 707 688 756 cristiana,
709 707 772 746 sed
785 706 1026 754 aristotelica,
1048 705 1170 745 utsibi
1184 704 1311 744 uiden-

101 780 175 820 tur,
220 771 258 810 in
297 771 378 824 lege
411 771 666 819 doctissimos,
716 784 800 811 cum
843 785 931 823 sepe
975 770 1126 811 liberius
1164 782 1311 823 agerem

101 847 215 888 quam
245 836 344 876 soliti
366 836 440 876 sint
463 835 603 885 audire,
632 836 745 888 idque
769 836 939 876 fortassis
963 836 1162 882 incautius,
1190 845 1230 874 ut
1249 834 1312 887 qui

103 900 198 941 inter
237 901 378 941 am1cos
414 902 570 954 loquens
603 901 717 941 nichil
759 902 845 941 inde
875 901 1028 953 periculi
1060 899 1455 953 prouideremff--f-..u
1478 918 1494 932 ν

105 965 227 1006 Mirari
249 965 302 1006 illi
328 966 503 1019 primum,
527 977 614 1019 post
634 967 757 1007 irasci.
785 971 829 1006 Et
853 966 1029 1018 quoniam
1055 976 1184 1005 contra
1209 978 1313 1005 suam

105 1030 262 1071 heresim
282 1044 328 1071 ac
356 1041 529 1084 paternas
551 1033 650 1085 leges
672 1032 745 1072 dici
769 1032 839 1072 ista
859 1031 1056 1081 sentirent,
1083 1032 1314 1084 collegerunt

103 1105 142 1146 et
171 1095 242 1147 ipsi
272 1097 490 1146 concilium,
521 1110 596 1136 non
623 1107 663 1137 ut
692 1110 766 1147 me,
797 1110 907 1149 quem
939 1096 1106 1148 profecto
1134 1095 1308 1149 diligunt,

104 1161 169 1200 sed
199 1170 239 1201 ut
266 1160 403 1201 famam
428 1175 563 1211 meam,
586 1175 696 1215 quam
728 1162 900 1211 oderunt,
923 1161 1133 1214 ignorantie
1157 1160 1313 1200 crimine

104 1225 410 1269 condemnarent.
438 1231 643 1267 Vocassent
672 1227 814 1267 utinam
841 1236 877 1267 et
905 1227 1022 1266 alios!
1049 1225 1181 1265 fuisset
1203 1224 1314 1265 forsi-

105 1299 170 1330 tan
190 1290 227 1330 in
246 1291 405 1331 consilio
425 1291 584 1331 dicende
603 1291 787 1332 sententie
808 1291 1097 1332 contradictum.
1117 1291 1191 1342 Ipsi
1212 1303 1314 1339 uero,

106 1364 149 1395 ut
171 1368 328 1396 concors
354 1366 451 1396 esset
479 1366 514 1396 et
537 1357 723 1396 unanimis
739 1356 936 1405 sententia,
960 1355 1028 1396 soli
1051 1365 1227 1408 quattuor
1250 1368 1316 1394 co-

107 1434 282 1463 nuenere.
298 1421 350 1477 lbi
361 1422 408 1461 de
418 1422 574 1462 absente
589 1423 663 1473 (69)
679 1432 793 1474 atque
807 1421 999 1461 indefenso
1014 1421 1128 1461 multa
1144 1430 1180 1461 et
1197 1420 1315 1469 uaria,

108 1499 183 1526 non
209 1487 307 1539 quod
333 1486 434 1526 uarie
462 1487 616 1527 animati
648 1497 786 1535 essent,
813 1500 897 1526 cum
929 1499 1042 1525 unum
1073 1478 1202 1525 omnes
1236 1498 1320 1525 sen-

107 1549 219 1591 tirent
238 1564 428 1604 unumque
446 1551 580 1591 dicturi
603 1561 741 1600 essent,
768 1561 897 1591 contra
925 1564 965 1591 se
985 1560 1109 1590 tamen
1131 1563 1316 1602 suumque

108 1614 302 1665 iudicium,
325 1616 528 1668 peritorum
560 1630 662 1656 more
692 1616 873 1665 iudicum,
906 1625 1119 1670 arguentes.
1155 1625 1193 1654 ut
1218 1615 1321 1654 uelut

108 1680 445 1721 contradictionum
478 1681 663 1733 angustiis
698 1681 859 1733 eliquata
890 1691 926 1720 et
955 1692 1131 1732 expressa
1164 1680 1321 1719 ueritate

111 1745 310 1785 coloratius
331 1745 545 1786 diffinirent.
572 1746 752 1786 Dixerunt
781 1746 942 1798 primum
969 1744 1105 1784 famam
1130 1744 1320 1797 publicam

113 1822 180 1862 pro
218 1823 278 1850 me
309 1819 420 1860 stare,
454 1811 517 1851 sed
553 1823 681 1863 parum
712 1810 797 1850 fidei
823 1810 990 1849 meritam
1023 1809 1320 1861 responderun13

112 1886 180 1914 nec
207 1875 351 1915 mentiti
383 1884 486 1925 sunt,
508 1888 551 1914 eo
583 1875 683 1928 quod
715 1876 852 1928 uulgus
876 1874 1063 1924 rarissime
1089 1887 1217 1913 uerum
1242 1887 1323 1913 cer-

113 1949 178 1980 nat
192 1941 284 1991 (70).
316 1939 498 1980 Dixerunt
525 1939 660 1979 deinde
680 1940 927 1979 maximorum
948 1949 1060 1992 atque
1082 1938 1322 1978 doctissimo-

114 2017 194 2044 rum
222 2004 413 2044 hominum
442 2003 642 2053 amicitias,
665 2004 802 2056 quibus
834 2014 1017 2053 ornatam,
1043 2002 1144 2056 quod
1175 2003 1212 2042 in
1245 2007 1323 2042 Do-

115 2067 217 2109 mino
242 2068 395 2122 glorier,
416 2069 531 2109 uitam
563 2069 636 2122 egi,
671 2082 797 2108 eorum
826 2068 1008 2109 sententie
1039 2068 1202 2109 obstare.
1229 2067 1327 2122 Qin

149 2211 166 2241 3⁸
186 2227 264 2259 Ecrit
280 2237 332 2259 sur
350 2237 390 2258 un
410 2234 560 2269 grattage.
586 2246 620 2251 -
639 2228 703 2258 Fol.
731 2237 741 2267 5
767 2231 804 2258 r⁰.

153 2273 184 2288 ‘¹⁵
202 2278 259 2306 Sur
278 2284 318 2306 un
338 2282 488 2317 grattage.
