1494 2600
726 229 936 268 —26-

230 326 266 356 et
298 329 425 369 regum
446 315 722 365 familiaritates,
738 317 981 369 plurimorum
999 320 1090 370 (71),
1112 320 1334 360 nominatim
1359 325 1433 361 Ro-

231 381 323 421 berti
347 381 459 420 Siculi
485 381 581 434 regis
601 383 692 432 (72),
715 382 778 434 qui
801 395 860 422 me
879 382 1050 422 iuuenem
1071 396 1224 436 quoque
1245 385 1375 425 crebro
1397 396 1434 426 et

229 447 330 484 claro
354 445 510 485 scientie
535 455 647 497 atque
673 447 810 499 ingenii
842 447 1059 488 testimonio
1086 448 1332 492 honestasset.
1364 455 1435 490 Re-

230 510 461 561 sponderunt
482 510 535 563 (et
558 510 618 550 hic
642 511 752 562 plane
773 512 927 552 mentita
945 522 1014 561 est,
1038 526 1114 552 non
1134 513 1220 561 dico
1239 513 1430 567 iniquitas,

229 574 292 613 sed
322 575 468 615 uanitas
500 575 587 627 sibi)
621 589 744 629 regem
772 576 895 628 ipsum
930 576 1117 617 literarum
1148 591 1283 632 magna
1314 579 1426 619 etiam

227 638 341 690 fama,
373 640 469 679 sed*
494 641 595 680 nulla
621 639 736 680 fuisse
765 641 896 681 notitia
922 643 1022 694 (73l3
1056 642 1232 695 reliquos,
1259 646 1432 696 quamuis

227 704 373 753 doctos,
395 704 432 743 in
457 718 515 744 me
537 714 662 745 tamen
692 718 769 745 non
802 715 858 746 sat
890 706 1098 759 perspicaci
1129 707 1245 749 fuisse
1276 709 1429 759 iudicio,

227 781 290 808 seu
312 782 415 809 amor
439 770 501 810 ille
527 783 590 810 seu
620 770 858 811 incuriositas
886 770 1032 814 fuisset.
1057 773 1149 812 Illud
1175 773 1245 813 sibi
1266 784 1431 826 preterea

227 834 408 884 obiecere,
422 835 521 887 quod
543 840 731 875 Romanos
752 835 994 888 pontifices*
1009 846 1084 877 tres
1103 838 1294 890 proximos
1312 853 1378 892 pro
1393 853 1434 880 se

226 911 412 952 quemque
453 901 620 940 certatim
662 901 805 945 mead
839 914 905 940 sue
947 900 1210 943 familiaritatis
1247 904 1430 957 insignem

225 964 395 1016 gradum,
422 965 669 1017 nequicquam
691 965 776 1005 licet
793 966 884 1017 (74),
917 979 1107 1015 euocasse,
1132 977 1169 1008 et
1189 967 1286 1009 hunc
1311 968 1433 1021 ipsum

225 1028 288 1080 qui
312 1042 412 1069 nunc
435 1030 614 1082 presidet,
630 1030 818 1070 Urbanum
840 1031 934 1083 (75),
957 1031 1003 1071 de
1027 1045 1085 1071 me
1104 1032 1198 1072 bene
1218 1035 1317 1086 loqui
1339 1035 1430 1075 soli-

225 1103 303 1133 tum
331 1094 615 1147 mitissimisque
641 1109 699 1135 me
728 1095 843 1135 literis
875 1096 1048 1136 uisitasse
1079 1097 1181 1149 iam3
1213 1099 1365 1152 insuper
1394 1111 1430 1141 et

227 1162 436 1198 Romanum
461 1160 558 1199 hunc
588 1160 794 1212 principem
819 1160 957 1213 (neque
983 1162 1081 1203 enim
1110 1163 1205 1203 alius
1233 1173 1332 1205 etate
1360 1165 1430 1205 hac

225 1222 413 1275 legitimus
437 1224 612 1276 princeps
634 1224 719 1278 fuit)
742 1238 800 1264 me
826 1216 920 1265 inter
943 1225 1143 1267 familiares
1169 1240 1276 1268 caros
1296 1243 1428 1270 nume-

223 1301 316 1336 rare,
349 1302 482 1341 meque
503 1290 548 1328 ad
576 1303 615 1329 se
644 1291 760 1329 multa
783 1291 952 1342 quotidie
975 1304 1126 1343 precum
1155 1293 1190 1332 ui
1226 1303 1263 1334 et
1289 1295 1432 1347 nuntiis

222 1353 390 1404 repetitis
438 1364 550 1406 atque
593 1355 763 1406 epistolis
802 1355 953 1395 solitum
989 1368 1136 1406 uocare,
1185 1358 1258 1399 late
1294 1369 1424 1399 notum

220 1417 389 1470 nullique
408 1419 562 1458 dubium
584 1429 639 1459 est
658 1420 755 1471 (76).
790 1424 843 1459 Ex
862 1421 1002 1473 quibus
1021 1421 1172 1474 aliquod
1195 1423 1307 1464 michi
1331 1437 1427 1464 non-

220 1482 359 1522 nullius
390 1483 503 1535 precij
525 1495 785 1537 argumentum
814 1486 918 1537 queri
952 1485 1132 1530 sentiunt.
1155 1488 1225 1528 Sed
1259 1498 1295 1541 et
1327 1489 1427 1529 hunc

220 1546 407 1587 obiectum
428 1548 694 1599 dissoluentes‚
716 1560 753 1590 et
779 1549 988 1602 pontifices,
1009 1552 1067 1591 uel
1095 1563 1245 1593 secutos
1270 1553 1423 1603 famam,

217 1611 409 1652 aberrasse
428 1625 512 1652 cum
534 1614 680 1662 ceteris,
710 1615 767 1654 uel
794 1615 973 1663 moribus,
1003 1629 1078 1656 non
1107 1617 1263 1662 scientia
1291 1617 1427 1659 induc-

217 1685 275 1716 tos
304 1686 344 1716 ut
370 1677 406 1717 id
436 1687 602 1731 agerent,
634 1692 837 1729 asseruere,
862 1689 897 1720 et
921 1681 1128 1734 principem
1158 1682 1282 1722 studio
1302 1693 1425 1736 gesta·

217 1753 296 1780 rum
327 1754 445 1781 rerum
469 1752 582 1794 atque
608 1743 771 1794 historiis
795 1754 954 1795 motum,
980 1758 1137 1798 quarum
1165 1747 1327 1800 aliquam
1355 1748 1425 1788 mi·
1472 1750 1483 1770 ’-

217 1805 274 1844 chi
290 1806 461 1846 notitiam
487 1820 562 1847 non
577 1809 778 1861 negantffl
790 1811 898 1860 (762).
914 1810 969 1849 Ad
980 1810 1061 1860 hec,
1075 1812 1223 1852 obstare
1236 1812 1307 1852 sibi
1322 1812 1426 1853 dixe-

217 1880 301 1910 runt
321 1871 586 1923 eloquentiam,
613 1885 725 1925 quam
756 1887 826 1927 ego
857 1875 1114 1916 mediusfidius
1138 1890 1214 1916 non
1241 1890 1419 1931 agnosco,

215 1933 286 1986 ipsi
307 1945 431 1976 autem
451 1949 707 1989 persuasorem
735 1939 826 1979 satis
853 1939 1043 1980 efficacem
1069 1941 1282 1993 perhibent,
1303 1943 1420 1996 quod,

254 2081 267 2094 *
290 2083 352 2112 Fol.
376 2092 386 2122 ς
410 2086 453 2114 v⁰.

251 2128 279 2143 *⁴*
296 2132 336 2159 Ce
355 2137 417 2160 mot
436 2137 482 2161 est
497 2130 571 2161 ecrit
590 2131 664 2162 dans
685 2132 711 2162 la
733 2141 835 2173 marge
855 2132 892 2164 de
909 2132 1027 2171 droite;
1049 2134 1069 2165 il
1086 2144 1106 2175 y
1128 2143 1145 2164 a
1166 2143 1206 2165 un
1225 2135 1330 2166 renvoi
1343 2135 1421 2166 dans

212 2175 238 2206 le
253 2182 343 2206 texte.

250 2222 292 2237 ”¹³
315 2222 406 2263 Apres
424 2224 452 2255 le
472 2225 558 2264 point
583 2235 614 2256 se
628 2233 735 2257 trouve
761 2236 801 2257 un
816 2227 890 2267 petit
903 2227 990 2268 signe
1005 2227 1316 2268 quiveutpeut·e1re
1338 2229 1418 2261 indi-

209 2278 285 2309 quer
304 2279 364 2301 une
377 2272 573 2310 ponctuation
592 2273 660 2312 plus
677 2273 768 2306 forte.
