1494 2600
93 318 197 368 ritas,
221 318 307 358 hinc
326 317 532 358 diffidentia
553 317 797 356 maximorum
826 316 1018 356 hominum
1038 324 1074 355 et
1094 314 1310 367 desperatio

92 383 254 436 quedam
267 382 580 435 apprehendende
598 381 787 422 ueritatis!
804 379 1051 434 pithagoras*
1069 379 1123 420 ait
1142 379 1189 419 de
1204 378 1307 418 omni

95 461 134 488 re
151 447 198 487 ad
220 457 414 499 utramque
434 456 575 499 partem
597 446 702 498 equis
721 445 951 499 argumentis
971 444 1155 497 disputari
1178 456 1305 496 posse,

93 522 132 552 et
160 512 207 552 de
238 512 307 552 hoc
337 512 435 564 ipso,
457 524 505 551 an
538 524 594 551 res
624 511 745 551 omnis
774 524 819 551 ex
849 524 945 564 equo
973 509 1213 562 disputabilis
1242 508 1306 550 sit.

96 580 189 617 Sunt
208 576 271 630 qui
292 577 419 617 dicant
435 577 509 616 alte
529 576 699 616 obrutam
723 575 916 616 ueritatem
938 585 975 616 et
1001 574 1186 627 profundo
1206 574 1310 613 uelut

95 640 134 680 in
163 650 277 694 puteo
305 641 527 689 demersam,
549 641 655 692 quasi
683 653 728 679 ex
755 640 839 680 imis
859 650 954 680 terre
977 638 1144 690 latebris,
1167 647 1203 678 et
1234 650 1311 677 non

94 705 220 758 potius
241 719 261 745 e
281 718 428 745 summo
447 705 517 746 celi
550 706 702 754 uertice,
727 705 886 757 petenda
912 704 1048 744 ueritas
1075 714 1112 744 et
1141 702 1247 743 uncis
1266 714 1311 742 ac

93 769 245 810 funibus
277 770 451 819 eruenda,
474 783 550 809 non
582 770 693 810 scalis
719 769 873 823 gratie**
894 779 929 810 et
959 768 1097 822 ingenii
1131 767 1311 822 gradibus

93 835 263 875 adeunda
283 835 352 874 sit!
375 838 543 875 Socrates
563 835 615 875 ait
636 849 643 874 ι
674 849 694 873 <<
719 839 799 874 Hoc
818 847 932 874 unum
954 834 1046 882 scio,
1070 833 1171 886 quod
1192 832 1307 873 nichil

93 898 187 942 scio.
200 914 220 938 κ»
236 902 298 951 (27
309 902 339 952 5)
355 905 473 955 Qiam
487 899 730 939 humillimam
741 899 950 952 ignorantie
959 897 1229 951 professionem
1239 910 1307 938 ceu

94 964 206 1004 nimis
222 964 401 1004 audacem
429 965 666 1017 reprehendit
699 964 922 1013 Archesilas,
944 977 989 1003 ne
1018 963 1054 1003 id
1088 976 1202 1002 unum
1223 962 1310 1003 sciri

92 1041 275 1078 asserens,
298 1029 411 1069 nichil
433 1029 517 1070 sciri
542 1031 662 1081 (276).
700 1034 752 1069 Εη
773 1029 936 1083 gloriosa
957 1028 1211 1081 philosophia,
1233 1041 1308 1080 que

95 1094 155 1134 uel
184 1093 434 1148 ignorantiam
470 1094 679 1146 profitetur,
706 1095 765 1134 uel
806 1093 1016 1147 ignorantie
1046 1094 1178 1133 saltem
1207 1092 1311 1133 noti-

94 1158 184 1199 tiam
205 1158 416 1199 interdicit!
446 1159 647 1199 Circulatio
678 1159 840 1210 anceps!
878 1159 988 1198 ludus
1017 1157 1309 1198 inextricabilis!

98 1227 235 1264 Contra
254 1223 410 1277 Gorgias
428 1224 631 1264 Leontinus
651 1226 769 1274 (277),
788 1223 911 1264 rethor
926 1223 1219 1272 uetustissimus,
1237 1235 1313 1262 non

97 1288 210 1328 modo
229 1288 385 1341 aliquid,
406 1289 468 1328 sed
492 1288 577 1328 sciri
599 1289 724 1329 omnia
751 1302 862 1341 posse
889 1288 1020 1337 credit,
1048 1301 1122 1328 non
1149 1301 1170 1327 a
1191 1287 1314 1340 philo-

97 1353 217 1405 sopho
236 1362 396 1402 tantum,
420 1353 484 1393 sed
502 1354 550 1393 ab
579 1364 741 1402 oratore,
762 1366 900 1406 nempe
919 1353 998 1406 qui,
1022 1363 1062 1393 ut
1088 1353 1142 1393 ait
1167 1353 1310 1402 Cicero,

96 1417 270 1458 omnibus
299 1418 346 1458 de
377 1418 486 1458 rebus
509 1429 691 1459 oratorem
725 1418 868 1471 optime
899 1431 1011 1471 posse
1038 1417 1162 1458 dicere
1188 1416 1315 1457 existi-

97 1482 228 1532 mauit,
268 1483 369 1535 quod
405 1492 504 1523 certe
538 1482 621 1535 ipse
653 1496 728 1522 non
759 1483 906 1535 potuit3
931 1495 1007 1523 non
1035 1492 1164 1535 posset
1189 1491 1314 1522 autern

96 1546 239 1600 optime
252 1547 299 1587 de
316 1547 425 1588 rebus
437 1548 611 1588 omnibus
628 1548 764 1594 dicere,
779 1547 850 1587 nisi
864 1547 1006 1600 optime
1020 1560 1151 1587 omnes
1169 1556 1310 1588 nosset.

97 1611 198 1651 Idem
214 1612 330 1652 sensit
345 1617 592 1666 Hermagoras
612 1613 730 1664 (278),
753 1613 816 1664 qui
838 1625 912 1652 non
935 1612 1048 1652 modo
1069 1611 1309 1661 rethoricam,

99 1676 164 1716 sed
196 1676 474 1729 philosophiam
512 1690 659 1717 omnem
696 1690 893 1729 rerumque
935 1676 1103 1717 omnium
1141 1675 1315 1716 notitiam

97 1739 229 1782 tribuit
272 1742 424 1783 oratori.
467 1747 602 1796 Magna
638 1742 835 1782 mediocris
878 1741 1017 1795 ingenij
1047 1741 1199 1782 fiducia.
1244 1740 1315 1780 Sed

97 1806 209 1859 longe
237 1806 412 1846 omnibus
443 1806 617 1847 fidentior
647 1807 806 1859 Hippias
835 1809 954 1859 (279),
991 1805 1085 1846 scire
1118 1819 1158 1846 se
1190 1805 1315 1846 omnia

97 1870 261 1923 profiteri
280 1884 407 1921 ausus,
437 1882 478 1912 ut
495 1884 571 1911 non
594 1872 706 1911 modo
727 1872 775 1911 de
804 1871 1020 1912 liberalibus
1041 1870 1173 1922 studiis
1193 1870 1316 1923 deque

97 1934 271 1976 uniuersa
302 1936 554 1989 philosophia,
579 1937 641 1976 sed
663 1937 710 1976 de
737 1936 963 1977 mechanicis
986 1949 1138 1988 quoque
1163 1936 1312 1988 plenam

97 1999 170 2039 sibi
198 1999 356 2053 gloriam
389 2011 598 2053 usurparet.
620 2000 790 2041 Dicerem
817 2001 986 2040 diuinum
1013 2000 1216 2050 hominem,
1241 1999 1314 2039 nisi

137 2222 152 2238 ⁴
178 2223 243 2254 Fol.
267 2231 305 2263 34
324 2231 366 2254 νο.

134 2269 164 2286 ““
187 2274 240 2302 Les
255 2271 384 2312 syllabes
405 2271 440 2301 tie
459 2276 526 2302 sont
545 2270 651 2302 ecrites
668 2280 721 2302 sur
738 2281 777 2301 un
803 2278 954 2312 gratiage.
