1494 2600
89 297 199 337 quam
223 287 428 322 Romanam
456 280 613 320 nescio*
629 292 694 319 cur
706 278 882 319 dicebant
897 278 991 330 (95),
1018 278 1137 318 leuam
1152 277 1296 318 Rodani

88 349 135 389 ad
153 348 271 401 ripam
288 348 380 399 (96),
396 345 458 386 ubi
469 344 741 398 quinquaginta
756 344 814 383 uel
830 356 874 383 eo
885 342 1056 395 amplius
1069 343 1146 396 egit
1161 356 1294 393 annos,

88 422 200 466 atque
219 412 318 452 unde
337 423 468 463 nuper,
489 410 559 450 hoc
582 410 665 461 ipso
689 421 787 448 anno
806 409 897 459 (97),
924 408 1065 448 utinam
1087 407 1295 457 irreditura‚

88 477 316 532 digrediens,
349 477 462 516 ductu
488 484 524 515 et
554 474 733 526 auspiciis
766 473 899 522 sancti,
929 473 959 513 si
990 473 1296 525 perseuerauerit,

75 543 227 592 „vrbani
265 541 401 594 quinti,
437 541 574 580 almam
607 539 734 579 urbem
775 548 810 579 et
865 538 1155 578 sacratissimam
1198 538 1298 578 Petri

89 608 230 656 sedem,
262 606 403 646 utinam
436 617 690 657 permansura,
727 603 890 656 repetiit,
929 615 997 643 nec
1029 603 1158 655 procul
1197 603 1296 652 inde,

88 672 322 725 transalpino
336 671 373 711 in
390 670 540 710 Elicone
561 682 643 709 meo
661 661 754 721 (98),
778 668 840 708 ubi
856 668 986 722 Sorgia
1001 668 1117 708 oritur
1130 681 1193 707 rex
1213 668 1299 708 fon-

87 738 180 779 tium
213 737 307 790 (99),
341 734 575 788 consumpsi.
600 738 764 788 Quarum
791 734 828 773 in
848 734 962 774 altera
989 733 1156 773 omnium
1186 733 1302 774 ferme

49 808 52 810 ’
88 802 206 844 nostri
236 802 337 841 orbis
377 801 604 841 literatorum
641 798 832 839 hominum
884 807 1089 838 conuentus
1127 798 1301 838 assiduus

89 877 214 920 presto
234 866 304 907 fuit
322 881 332 917 3
356 866 394 906 in
410 866 541 914 altero,
563 864 726 904 solitudo
748 873 784 904 et
803 863 991 903 silentium
1010 873 1046 903 et
1060 863 1165 915 quies
1187 863 1303 903 medi-

64 945 70 950 ·
89 932 256 973 rantibus
275 930 484 983 aptissima.
519 934 650 982 Itaque
675 929 751 969 illic
773 928 972 977 studendo,
1002 938 1038 968 et
1061 941 1160 968 nunc
1180 930 1302 968 scolas

89 1009 188 1037 nunc
216 995 414 1049 magistros
435 994 623 1043 adeundo,
646 1006 745 1034 nunc
770 992 902 1033 amicis
922 1006 996 1045 que
1014 993 1217 1032 didiceram
1238 1003 1303 1033 aut

90 1062 308 1115 scripseram
329 1060 534 1109 recitando,
562 1059 622 1099 hic
642 1058 814 1112 uagando
839 1060 939 1109 (ιοο)
968 1067 1003 1098 et
1021 1057 1239 1111 cogitando,
1267 1068 1304 1099 et

91 1127 179 1168 licet
212 1135 385 1179 peccator
417 1138 507 1177 sepe
540 1125 651 1165 etiam
684 1123 842 1172 orando,
885 1136 929 1163 ac
971 1136 1115 1163 mecum
1158 1136 1304 1176 semper

91 1205 248 1244 raroque
279 1191 350 1231 nisi
391 1191 438 1230 de
475 1189 609 1241 studijs
658 1189 875 1229 liberalibus
913 1187 1153 1236 conferendo,
1195 1202 1306 1229 omne

92 1252 219 1296 meum
234 1265 382 1308 tempus
403 1255 439 1294 in
457 1253 573 1294 literis
589 1263 714 1294 actum
743 1263 812 1294 est.
839 1253 940 1292 Mille
960 1253 1098 1293 interea
1118 1253 1240 1293 doctis
1260 1266 1304 1293 ac

91 1320 258 1373 probatis
279 1320 429 1360 senibus
450 1319 487 1359 in
510 1319 682 1359 notitiam
706 1328 742 1359 et
766 1318 803 1358 in
831 1318 988 1371 gratiam
1011 1317 1095 1357 ueni
1121 1332 1129 1368 ;
1156 1331 1250 1370 quos
1273 1318 1303 1358 si

90 1398 242 1440 pergam
278 1397 484 1433 numerare,
526 1383 833 1424 commemoratio
871 1383 1022 1435 quidem
1068 1383 1203 1432 dulcis,
1241 1383 1304 1423 sed

91 1450 308 1504 cathalogus
331 1450 616 1501 haudquaquam
638 1449 760 1488 brevis
793 1448 951 1488 euaserit
977 1449 1096 1499 (101).
1125 1448 1190 1487 His
1212 1461 1307 1488 sane

90 1515 264 1556 omnibus
282 1515 339 1555 uel
361 1515 478 1554 solam
500 1514 558 1554 uel
579 1514 795 1566 precipuam
812 1513 906 1553 hanc
917 1513 969 1553 ob
989 1525 1141 1553 causam
1162 1513 1303 1565 placui,

91 1580 190 1632 quod
212 1579 346 1620 literati
366 1578 501 1618 famam
517 1578 695 1619 studiosis
710 1578 746 1617 in
763 1577 918 1617 urbibus
937 1577 1160 1617 adolescens
1177 1577 1303 1627 habui,

92 1657 204 1697 quam
223 1656 323 1684 nunc
342 1643 419 1683 seni
441 1643 478 1683 in
500 1642 647 1683 nautica
670 1642 824 1683 ciuitate
853 1651 1030 1694 quattuor
1062 1642 1217 1681 iuuenes
1243 1655 1307 1693 per

93 1709 314 1750 sententiam
334 1707 509 1760 eripiunt.
539 1713 590 1748 Ita
611 1717 647 1748 et
668 1707 780 1747 michi
801 1717 842 1747 ut
863 1707 1020 1747 Laberio
1040 1706 1192 1749 accidit.
1215 1711 1308 1748 Post

94 1773 367 1827 sexagesimum
399 1785 537 1812 annum
571 1786 654 1813 meo
683 1772 730 1812 de
762 1781 861 1812 statu
901 1771 1036 1817 excidi.
1067 1785 1141 1811 non
1178 1781 1219 1811 ut
1247 1772 1308 1812 ille

95 1838 225 1879 saltem
237 1837 373 1878 mimus
394 1838 505 1890 (quod
527 1837 739 1886 artificium,
765 1850 879 1876 unum
900 1837 999 1885 licet,
1019 1847 1055 1876 et
1073 1837 1308 1889 ingeniosum

95 1913 220 1943 tamen
248 1903 370 1955 querit
398 1902 592 1951 artificem,
619 1912 656 1942 et
684 1915 792 1942 suum
822 1902 917 1942 inter
940 1901 1156 1942 mechanica
1186 1902 1308 1941 locum

95 1969 206 2018 tenet)
225 1969 346 2019 (102),
364 1967 429 2007 sed
441 1967 540 2020 quod
557 1976 613 2007 est
627 1966 815 2017 ultimum,
829 1967 1020 2020 ignorans.
1048 1967 1108 2006 Sic
1124 1979 1180 2006 res
1202 1975 1306 2009 eunt.

100 2037 182 2073 Huc
224 2042 261 2073 et
301 2033 439 2082 studia,
485 2042 521 2073 et
566 2031 711 2072 labores
760 2032 892 2082 nostri,
937 2041 1138 2084 nostreque
1181 2030 1311 2085 uigilie

146 2238 161 2254 ⁸
183 2240 245 2271 Fol.
265 2249 282 2279 9
302 2242 346 2270 v⁰.
