<?xml version="1.0" encoding="UTF-8"?>
<!DOCTYPE html PUBLIC "-//W3C//DTD XHTML 1.0 Transitional//EN"
    "http://www.w3.org/TR/xhtml1/DTD/xhtml1-transitional.dtd">
<html xmlns="http://www.w3.org/1999/xhtml" xml:lang="en" lang="en">
 <head>
  <title>
</title>
<meta http-equiv="Content-Type" content="text/html;charset=utf-8" />
  <meta name='ocr-system' content='tesseract 3.04.00' />
  <meta name='ocr-capabilities' content='ocr_page ocr_carea ocr_par ocr_line ocrx_word'/>
</head>
<body>
  <div class='ocr_page' id='page_1' title='image "./letraitdesuiip00petruoft/letraitdesuiip00petruoft_0034.png"; bbox 0 0 1494 2600; ppageno 0'>
   <div class='ocr_carea' id='block_1_1' title="bbox 216 266 1482 2069">
    <p class='ocr_par' dir='ltr' id='par_1_1' title="bbox 216 266 1482 2069">
     <span class='ocr_line' id='line_1_1' title="bbox 216 266 1421 320; baseline 0.001 -14"><span class='ocrx_word' id='word_1_1' title='bbox 216 266 388 320; x_wconf 87' lang='lat' dir='ltr'>quamuis</span> <span class='ocrx_word' id='word_1_2' title='bbox 417 266 559 305; x_wconf 90' lang='lat' dir='ltr'>unum*</span> <span class='ocrx_word' id='word_1_3' title='bbox 586 266 724 318; x_wconf 90' lang='lat' dir='ltr'>aliquid</span> <span class='ocrx_word' id='word_1_4' title='bbox 759 279 833 306; x_wconf 92' lang='lat' dir='ltr'>non</span> <span class='ocrx_word' id='word_1_5' title='bbox 865 267 983 306; x_wconf 84' lang='lat' dir='ltr'>amice</span> <span class='ocrx_word' id='word_1_6' title='bbox 1018 277 1173 320; x_wconf 84' lang='lat' dir='ltr'>agentes</span> <span class='ocrx_word' id='word_1_7' title='bbox 1203 267 1421 307; x_wconf 89' lang='lat' dir='ltr'>nominatim</span> 
     </span>
     <span class='ocr_line' id='line_1_2' title="bbox 216 330 1423 373; baseline 0.001 -2"><span class='ocrx_word' id='word_1_8' title='bbox 216 331 290 371; x_wconf 91' lang='lat' dir='ltr'>dici</span> <span class='ocrx_word' id='word_1_9' title='bbox 312 332 369 370; x_wconf 82' lang='lat' dir='ltr'>lex</span> <span class='ocrx_word' id='word_1_10' title='bbox 389 330 616 370; x_wconf 86' lang='lat' dir='ltr'>inuiolabilis</span> <span class='ocrx_word' id='word_1_11' title='bbox 637 331 726 371; x_wconf 84' lang='lat' dir='ltr'>sinit</span> <span class='ocrx_word' id='word_1_12' title='bbox 748 331 924 373; x_wconf 84' lang='lat' dir='ltr'>amicitie.</span> <span class='ocrx_word' id='word_1_13' title='bbox 953 332 1115 372; x_wconf 87' lang='lat' dir='ltr'>Veniunt</span> <span class='ocrx_word' id='word_1_14' title='bbox 1142 341 1266 372; x_wconf 89' lang='lat' dir='ltr'>autem</span> <span class='ocrx_word' id='word_1_15' title='bbox 1287 332 1363 371; x_wconf 88' lang='lat' dir='ltr'>bini</span> <span class='ocrx_word' id='word_1_16' title='bbox 1387 342 1423 372; x_wconf 89' lang='lat' dir='ltr'>et</span> 
     </span>
     <span class='ocr_line' id='line_1_3' title="bbox 218 395 1421 449; baseline 0.002 -15"><span class='ocrx_word' id='word_1_17' title='bbox 218 396 308 444; x_wconf 85' lang='lat' dir='ltr'>bini,</span> <span class='ocrx_word' id='word_1_18' title='bbox 333 405 373 435; x_wconf 89' lang='lat' dir='ltr'>ut</span> <span class='ocrx_word' id='word_1_19' title='bbox 393 395 476 434; x_wconf 86' lang='lat' dir='ltr'>illos</span> <span class='ocrx_word' id='word_1_20' title='bbox 496 408 559 434; x_wconf 86' lang='lat' dir='ltr'>seu</span> <span class='ocrx_word' id='word_1_21' title='bbox 582 408 724 434; x_wconf 92' lang='lat' dir='ltr'>morum</span> <span class='ocrx_word' id='word_1_22' title='bbox 749 396 888 447; x_wconf 84' lang='lat' dir='ltr'>paritas</span> <span class='ocrx_word' id='word_1_23' title='bbox 910 409 973 435; x_wconf 88' lang='lat' dir='ltr'>seu</span> <span class='ocrx_word' id='word_1_24' title='bbox 988 409 1098 436; x_wconf 90' lang='lat' dir='ltr'>casus</span> <span class='ocrx_word' id='word_1_25' title='bbox 1118 397 1254 449; x_wconf 89' lang='lat' dir='ltr'>aliquis</span> <span class='ocrx_word' id='word_1_26' title='bbox 1265 398 1421 449; x_wconf 89' lang='lat' dir='ltr'>conglu-</span> 
     </span>
     <span class='ocr_line' id='line_1_4' title="bbox 217 456 1421 512; baseline 0 -12"><span class='ocrx_word' id='word_1_27' title='bbox 217 461 325 501; x_wconf 83' lang='lat' dir='ltr'>tinat.</span> <span class='ocrx_word' id='word_1_28' title='bbox 358 456 633 512; x_wconf 89' lang='lat' dir='ltr'>Nonnunquam</span> <span class='ocrx_word' id='word_1_29' title='bbox 658 474 745 500; x_wconf 87' lang='lat' dir='ltr'>uero</span> <span class='ocrx_word' id='word_1_30' title='bbox 775 462 883 500; x_wconf 91' lang='lat' dir='ltr'>simul</span> <span class='ocrx_word' id='word_1_31' title='bbox 915 474 1065 508; x_wconf 85' lang='lat' dir='ltr'>omnes;</span> <span class='ocrx_word' id='word_1_32' title='bbox 1090 471 1127 501; x_wconf 89' lang='lat' dir='ltr'>et</span> <span class='ocrx_word' id='word_1_33' title='bbox 1151 462 1303 502; x_wconf 88' lang='lat' dir='ltr'>ueniunt</span> <span class='ocrx_word' id='word_1_34' title='bbox 1331 461 1421 501; x_wconf 88' lang='lat' dir='ltr'>mira</span> 
     </span>
     <span class='ocr_line' id='line_1_5' title="bbox 218 524 1424 578; baseline 0.001 -14"><span class='ocrx_word' id='word_1_35' title='bbox 218 524 478 575; x_wconf 82' lang='lat' dir='ltr'>sua[uitate**‚</span> <span class='ocrx_word' id='word_1_36' title='bbox 520 525 603 564; x_wconf 90' lang='lat' dir='ltr'>letis</span> <span class='ocrx_word' id='word_1_37' title='bbox 622 524 808 565; x_wconf 85' lang='lat' dir='ltr'>frontibus</span> <span class='ocrx_word' id='word_1_38' title='bbox 834 526 1081 578; x_wconf 86' lang='lat' dir='ltr'>dulcibusque</span> <span class='ocrx_word' id='word_1_39' title='bbox 1100 526 1312 578; x_wconf 83' lang='lat' dir='ltr'>colloquiis,</span> <span class='ocrx_word' id='word_1_40' title='bbox 1346 531 1424 566; x_wconf 90' lang='lat' dir='ltr'>Nec</span> 
     </span>
     <span class='ocr_line' id='line_1_6' title="bbox 219 589 1423 643; baseline 0.002 -14"><span class='ocrx_word' id='word_1_41' title='bbox 219 590 287 629; x_wconf 87' lang='lat' dir='ltr'>sim</span> <span class='ocrx_word' id='word_1_42' title='bbox 317 589 465 638; x_wconf 89' lang='lat' dir='ltr'>dubius,</span> <span class='ocrx_word' id='word_1_43' title='bbox 489 589 559 641; x_wconf 84' lang='lat' dir='ltr'>pijs</span> <span class='ocrx_word' id='word_1_44' title='bbox 589 590 872 639; x_wconf 88' lang='lat' dir='ltr'>intentionibus,</span> <span class='ocrx_word' id='word_1_45' title='bbox 895 590 966 630; x_wconf 92' lang='lat' dir='ltr'>nisi</span> <span class='ocrx_word' id='word_1_46' title='bbox 997 591 1097 642; x_wconf 92' lang='lat' dir='ltr'>quod</span> <span class='ocrx_word' id='word_1_47' title='bbox 1129 591 1257 631; x_wconf 92' lang='lat' dir='ltr'>nescio</span> <span class='ocrx_word' id='word_1_48' title='bbox 1287 591 1423 643; x_wconf 90' lang='lat' dir='ltr'>quibus</span> 
     </span>
     <span class='ocr_line' id='line_1_7' title="bbox 219 654 1426 708; baseline 0.002 -15"><span class='ocrx_word' id='word_1_49' title='bbox 219 655 361 694; x_wconf 89' lang='lat' dir='ltr'>rimulis</span> <span class='ocrx_word' id='word_1_50' title='bbox 382 655 418 693; x_wconf 91' lang='lat' dir='ltr'>in</span> <span class='ocrx_word' id='word_1_51' title='bbox 439 654 521 693; x_wconf 90' lang='lat' dir='ltr'>illas</span> <span class='ocrx_word' id='word_1_52' title='bbox 546 654 687 694; x_wconf 90' lang='lat' dir='ltr'>meliori</span> <span class='ocrx_word' id='word_1_53' title='bbox 710 654 857 706; x_wconf 91' lang='lat' dir='ltr'>hospite</span> <span class='ocrx_word' id='word_1_54' title='bbox 868 655 1000 708; x_wconf 88' lang='lat' dir='ltr'>dignas</span> <span class='ocrx_word' id='word_1_55' title='bbox 1021 656 1164 695; x_wconf 88' lang='lat' dir='ltr'>animas</span> <span class='ocrx_word' id='word_1_56' title='bbox 1184 654 1311 695; x_wconf 86' lang='lat' dir='ltr'>infelix</span> <span class='ocrx_word' id='word_1_57' title='bbox 1332 656 1426 696; x_wconf 93' lang='lat' dir='ltr'>liuor</span> 
     </span>
     <span class='ocr_line' id='line_1_8' title="bbox 219 719 1423 773; baseline 0.001 -15"><span class='ocrx_word' id='word_1_58' title='bbox 219 719 398 771; x_wconf 81' lang='lat' dir='ltr'>obrepsit.</span> <span class='ocrx_word' id='word_1_59' title='bbox 419 719 639 758; x_wconf 88' lang='lat' dir='ltr'>Incredibile</span> <span class='ocrx_word' id='word_1_60' title='bbox 653 719 858 772; x_wconf 82' lang='lat' dir='ltr'>negotium,</span> <span class='ocrx_word' id='word_1_61' title='bbox 882 733 1010 759; x_wconf 91' lang='lat' dir='ltr'>uerum</span> <span class='ocrx_word' id='word_1_62' title='bbox 1028 721 1128 770; x_wconf 90' lang='lat' dir='ltr'>licet,</span> <span class='ocrx_word' id='word_1_63' title='bbox 1151 730 1264 773; x_wconf 87' lang='lat' dir='ltr'>atque</span> <span class='ocrx_word' id='word_1_64' title='bbox 1283 720 1423 760; x_wconf 88' lang='lat' dir='ltr'>utinam</span> 
     </span>
     <span class='ocr_line' id='line_1_9' title="bbox 219 784 1425 837; baseline 0.002 -14"><span class='ocrx_word' id='word_1_65' title='bbox 219 797 293 823; x_wconf 91' lang='lat' dir='ltr'>non</span> <span class='ocrx_word' id='word_1_66' title='bbox 317 794 393 823; x_wconf 87' lang='lat' dir='ltr'>tam</span> <span class='ocrx_word' id='word_1_67' title='bbox 430 797 572 825; x_wconf 88' lang='lat' dir='ltr'>uerum.</span> <span class='ocrx_word' id='word_1_68' title='bbox 598 788 718 837; x_wconf 84' lang='lat' dir='ltr'>Quem</span> <span class='ocrx_word' id='word_1_69' title='bbox 753 797 828 823; x_wconf 91' lang='lat' dir='ltr'>non</span> <span class='ocrx_word' id='word_1_70' title='bbox 852 786 995 824; x_wconf 89' lang='lat' dir='ltr'>saluum</span> <span class='ocrx_word' id='word_1_71' title='bbox 1033 785 1158 832; x_wconf 92' lang='lat' dir='ltr'>modo,</span> <span class='ocrx_word' id='word_1_72' title='bbox 1185 786 1249 825; x_wconf 90' lang='lat' dir='ltr'>sed</span> <span class='ocrx_word' id='word_1_73' title='bbox 1281 784 1425 825; x_wconf 88' lang='lat' dir='ltr'>felicem</span> 
     </span>
     <span class='ocr_line' id='line_1_10' title="bbox 220 850 1426 903; baseline 0.002 -16"><span class='ocrx_word' id='word_1_74' title='bbox 220 850 389 901; x_wconf 89' lang='lat' dir='ltr'>cupiunt,</span> <span class='ocrx_word' id='word_1_75' title='bbox 418 862 528 900; x_wconf 89' lang='lat' dir='ltr'>quem</span> <span class='ocrx_word' id='word_1_76' title='bbox 563 862 637 888; x_wconf 92' lang='lat' dir='ltr'>non</span> <span class='ocrx_word' id='word_1_77' title='bbox 672 850 791 888; x_wconf 89' lang='lat' dir='ltr'>solum</span> <span class='ocrx_word' id='word_1_78' title='bbox 812 859 951 897; x_wconf 84' lang='lat' dir='ltr'>amant,</span> <span class='ocrx_word' id='word_1_79' title='bbox 979 862 1106 890; x_wconf 87' lang='lat' dir='ltr'>uerum</span> <span class='ocrx_word' id='word_1_80' title='bbox 1137 850 1249 890; x_wconf 89' lang='lat' dir='ltr'>etiam</span> <span class='ocrx_word' id='word_1_81' title='bbox 1282 851 1426 903; x_wconf 87' lang='lat' dir='ltr'>colunt,</span> 
     </span>
     <span class='ocr_line' id='line_1_11' title="bbox 221 914 1426 963; baseline 0.002 -11"><span class='ocrx_word' id='word_1_82' title='bbox 221 914 387 962; x_wconf 87' lang='lat' dir='ltr'>uisitant,</span> <span class='ocrx_word' id='word_1_83' title='bbox 410 923 647 963; x_wconf 86' lang='lat' dir='ltr'>uenerantur,</span> <span class='ocrx_word' id='word_1_84' title='bbox 676 914 735 953; x_wconf 91' lang='lat' dir='ltr'>cui</span> <span class='ocrx_word' id='word_1_85' title='bbox 772 927 846 953; x_wconf 88' lang='lat' dir='ltr'>non</span> <span class='ocrx_word' id='word_1_86' title='bbox 886 924 1029 954; x_wconf 88' lang='lat' dir='ltr'>tanturn</span> <span class='ocrx_word' id='word_1_87' title='bbox 1069 915 1190 963; x_wconf 91' lang='lat' dir='ltr'>mites,</span> <span class='ocrx_word' id='word_1_88' title='bbox 1211 915 1276 954; x_wconf 89' lang='lat' dir='ltr'>sed</span> <span class='ocrx_word' id='word_1_89' title='bbox 1316 915 1426 954; x_wconf 88' lang='lat' dir='ltr'>obse-</span> 
     </span>
     <span class='ocr_line' id='line_1_12' title="bbox 218 978 1482 1038; baseline 0.002 -21"><span class='ocrx_word' id='word_1_90' title='bbox 218 978 340 1030; x_wconf 91' lang='lat' dir='ltr'>quiosi</span> <span class='ocrx_word' id='word_1_91' title='bbox 363 991 407 1018; x_wconf 89' lang='lat' dir='ltr'>ac</span> <span class='ocrx_word' id='word_1_92' title='bbox 439 978 610 1018; x_wconf 88' lang='lat' dir='ltr'>liberales</span> <span class='ocrx_word' id='word_1_93' title='bbox 631 992 712 1018; x_wconf 90' lang='lat' dir='ltr'>esse</span> <span class='ocrx_word' id='word_1_94' title='bbox 742 979 842 1018; x_wconf 91' lang='lat' dir='ltr'>omni</span> <span class='ocrx_word' id='word_1_95' title='bbox 867 979 992 1019; x_wconf 90' lang='lat' dir='ltr'>studio</span> <span class='ocrx_word' id='word_1_96' title='bbox 1031 980 1200 1020; x_wconf 83' lang='lat' dir='ltr'>nituntur</span> <span class='ocrx_word' id='word_1_97' title='bbox 1237 982 1271 1038; x_wconf 71' lang='grc' dir='ltr'>(ρ</span> <span class='ocrx_word' id='word_1_98' title='bbox 1297 989 1440 1023; x_wconf 75' lang='lat' dir='ltr'>natura¹</span> <span class='ocrx_word' id='word_1_99' title='bbox 1478 1031 1482 1036; x_wconf 88' lang='lat'><strong>.</strong></span> 
     </span>
     <span class='ocr_line' id='line_1_13' title="bbox 221 1043 1423 1098; baseline 0.002 -16"><span class='ocrx_word' id='word_1_100' title='bbox 221 1043 396 1092; x_wconf 87' lang='lat' dir='ltr'>humana,</span> <span class='ocrx_word' id='word_1_101' title='bbox 430 1053 465 1083; x_wconf 88' lang='lat' dir='ltr'>et</span> <span class='ocrx_word' id='word_1_102' title='bbox 496 1043 711 1095; x_wconf 88' lang='lat' dir='ltr'>patentibus</span> <span class='ocrx_word' id='word_1_103' title='bbox 752 1053 789 1083; x_wconf 90' lang='lat' dir='ltr'>et</span> <span class='ocrx_word' id='word_1_104' title='bbox 825 1043 962 1084; x_wconf 89' lang='lat' dir='ltr'>abditis</span> <span class='ocrx_word' id='word_1_105' title='bbox 989 1045 1097 1096; x_wconf 89' lang='lat' dir='ltr'>plena</span> <span class='ocrx_word' id='word_1_106' title='bbox 1131 1044 1347 1098; x_wconf 87' lang='lat' dir='ltr'>langoribus</span> <span class='ocrx_word' id='word_1_107' title='bbox 1368 1044 1423 1090; x_wconf 82' lang='lat'>!·;:</span> 
     </span>
     <span class='ocr_line' id='line_1_14' title="bbox 219 1108 1427 1163; baseline 0 -15"><span class='ocrx_word' id='word_1_108' title='bbox 219 1108 339 1148; x_wconf 91' lang='lat' dir='ltr'>eidem</span> <span class='ocrx_word' id='word_1_109' title='bbox 366 1108 418 1147; x_wconf 91' lang='lat' dir='ltr'>illi</span> <span class='ocrx_word' id='word_1_110' title='bbox 452 1108 647 1148; x_wconf 87' lang='lat' dir='ltr'>inuidentl</span> <span class='ocrx_word' id='word_1_111' title='bbox 673 1108 799 1163; x_wconf 86' lang='lat' dir='ltr'>Qid?</span> <span class='ocrx_word' id='word_1_112' title='bbox 820 1109 970 1157; x_wconf 89' lang='lat' dir='ltr'>Nescio,</span> <span class='ocrx_word' id='word_1_113' title='bbox 1008 1108 1141 1158; x_wconf 86' lang='lat' dir='ltr'>fateor,</span> <span class='ocrx_word' id='word_1_114' title='bbox 1164 1119 1201 1149; x_wconf 91' lang='lat' dir='ltr'>et</span> <span class='ocrx_word' id='word_1_115' title='bbox 1238 1108 1427 1161; x_wconf 86' lang='lat' dir='ltr'>inquirens</span> 
     </span>
     <span class='ocr_line' id='line_1_15' title="bbox 220 1173 1421 1227; baseline 0 -14"><span class='ocrx_word' id='word_1_116' title='bbox 220 1183 367 1225; x_wconf 83' lang='lat' dir='ltr'>stupeo,</span> <span class='ocrx_word' id='word_1_117' title='bbox 393 1177 476 1212; x_wconf 90' lang='lat' dir='ltr'>Non</span> <span class='ocrx_word' id='word_1_118' title='bbox 496 1186 586 1224; x_wconf 86' lang='lat' dir='ltr'>opes</span> <span class='ocrx_word' id='word_1_119' title='bbox 605 1182 718 1222; x_wconf 85' lang='lat' dir='ltr'>certe,</span> <span class='ocrx_word' id='word_1_120' title='bbox 741 1173 877 1225; x_wconf 90' lang='lat' dir='ltr'>quibus</span> <span class='ocrx_word' id='word_1_121' title='bbox 900 1187 959 1213; x_wconf 91' lang='lat' dir='ltr'>me</span> <span class='ocrx_word' id='word_1_122' title='bbox 985 1183 1128 1214; x_wconf 85' lang='lat' dir='ltr'>tantum</span> <span class='ocrx_word' id='word_1_123' title='bbox 1153 1173 1290 1227; x_wconf 89' lang='lat' dir='ltr'>singuli</span> <span class='ocrx_word' id='word_1_124' title='bbox 1311 1186 1421 1226; x_wconf 87' lang='lat' dir='ltr'>supe-</span> 
     </span>
     <span class='ocr_line' id='line_1_16' title="bbox 222 1237 1429 1289; baseline 0.001 -12"><span class='ocrx_word' id='word_1_125' title='bbox 222 1247 303 1278; x_wconf 90' lang='lat' dir='ltr'>rant</span> <span class='ocrx_word' id='word_1_126' title='bbox 322 1247 463 1289; x_wconf 90' lang='lat' dir='ltr'>quanto</span> <span class='ocrx_word' id='word_1_127' title='bbox 500 1237 687 1289; x_wconf 90' lang='lat' dir='ltr'>delphinis</span> <span class='ocrx_word' id='word_1_128' title='bbox 724 1238 870 1278; x_wconf 89' lang='lat' dir='ltr'>balena.</span> <span class='ocrx_word' id='word_1_129' title='bbox 898 1238 1104 1278; x_wconf 90' lang='lat' dir='ltr'>britannica</span> <span class='ocrx_word' id='word_1_130' title='bbox 1140 1238 1270 1288; x_wconf 90' lang='lat' dir='ltr'>maior,</span> <span class='ocrx_word' id='word_1_131' title='bbox 1300 1249 1340 1279; x_wconf 89' lang='lat' dir='ltr'>ut</span> <span class='ocrx_word' id='word_1_132' title='bbox 1377 1238 1429 1278; x_wconf 89' lang='lat' dir='ltr'>ait</span> 
     </span>
     <span class='ocr_line' id='line_1_17' title="bbox 221 1295 1429 1355; baseline 0.001 -13"><span class='ocrx_word' id='word_1_133' title='bbox 221 1303 373 1355; x_wconf 74' lang='lat' dir='ltr'>ille(25l</span> <span class='ocrx_word' id='word_1_134' title='bbox 392 1317 401 1352; x_wconf 87' lang='lat'>;</span> <span class='ocrx_word' id='word_1_135' title='bbox 421 1315 514 1354; x_wconf 90' lang='lat' dir='ltr'>quas</span> <span class='ocrx_word' id='word_1_136' title='bbox 532 1295 698 1355; x_wconf 80' lang='lat' dir='ltr'>p&#39;reterea</span> <span class='ocrx_word' id='word_1_137' title='bbox 714 1313 750 1343; x_wconf 91' lang='lat' dir='ltr'>et</span> <span class='ocrx_word' id='word_1_138' title='bbox 770 1302 927 1343; x_wconf 91' lang='lat' dir='ltr'>maiores</span> <span class='ocrx_word' id='word_1_139' title='bbox 945 1313 1077 1355; x_wconf 90' lang='lat' dir='ltr'>optant</span> <span class='ocrx_word' id='word_1_140' title='bbox 1095 1303 1208 1342; x_wconf 89' lang='lat' dir='ltr'>michi</span> <span class='ocrx_word' id='word_1_141' title='bbox 1228 1313 1266 1344; x_wconf 92' lang='lat' dir='ltr'>et</span> <span class='ocrx_word' id='word_1_142' title='bbox 1284 1303 1429 1343; x_wconf 87' lang='lat' dir='ltr'>medio-</span> 
     </span>
     <span class='ocr_line' id='line_1_18' title="bbox 221 1360 1426 1422; baseline 0.001 -16"><span class='ocrx_word' id='word_1_143' title='bbox 221 1380 301 1407; x_wconf 90' lang='lat' dir='ltr'>cres</span> <span class='ocrx_word' id='word_1_144' title='bbox 323 1368 415 1418; x_wconf 66' lang='lat'>(26),</span> <span class='ocrx_word' id='word_1_145' title='bbox 439 1380 576 1420; x_wconf 88' lang='lat' dir='ltr'>easque</span> <span class='ocrx_word' id='word_1_146' title='bbox 594 1380 669 1407; x_wconf 91' lang='lat' dir='ltr'>non</span> <span class='ocrx_word' id='word_1_147' title='bbox 685 1368 867 1420; x_wconf 86' lang='lat' dir='ltr'>proprias,</span> <span class='ocrx_word' id='word_1_148' title='bbox 890 1368 954 1407; x_wconf 88' lang='lat' dir='ltr'>sed</span> <span class='ocrx_word' id='word_1_149' title='bbox 978 1360 1307 1408; x_wconf 84' lang='lat' dir='ltr'>communicabiles</span> <span class='ocrx_word' id='word_1_150' title='bbox 1331 1368 1426 1422; x_wconf 83' lang='lat'><strong>(27),</strong></span> 
     </span>
     <span class='ocr_line' id='line_1_19' title="bbox 222 1432 1430 1484; baseline 0.001 -13"><span class='ocrx_word' id='word_1_151' title='bbox 222 1445 296 1472; x_wconf 90' lang='lat' dir='ltr'>non</span> <span class='ocrx_word' id='word_1_152' title='bbox 340 1432 533 1484; x_wconf 82' lang='lat' dir='ltr'>superbaS‚</span> <span class='ocrx_word' id='word_1_153' title='bbox 584 1432 647 1472; x_wconf 91' lang='lat' dir='ltr'>sed</span> <span class='ocrx_word' id='word_1_154' title='bbox 697 1433 940 1482; x_wconf 89' lang='lat' dir='ltr'>humillimas,</span> <span class='ocrx_word' id='word_1_155' title='bbox 985 1433 1068 1473; x_wconf 91' lang='lat' dir='ltr'>sine</span> <span class='ocrx_word' id='word_1_156' title='bbox 1118 1433 1309 1479; x_wconf 85' lang='lat' dir='ltr'>iactantia,</span> <span class='ocrx_word' id='word_1_157' title='bbox 1350 1434 1430 1473; x_wconf 90' lang='lat' dir='ltr'>sine</span> 
     </span>
     <span class='ocr_line' id='line_1_20' title="bbox 222 1493 1429 1551; baseline 0.001 -15"><span class='ocrx_word' id='word_1_158' title='bbox 222 1497 318 1537; x_wconf 87' lang='lat' dir='ltr'>fastu</span> <span class='ocrx_word' id='word_1_159' title='bbox 338 1498 430 1547; x_wconf 83' lang='lat'>(28),</span> <span class='ocrx_word' id='word_1_160' title='bbox 462 1510 531 1537; x_wconf 90' lang='lat' dir='ltr'>nec</span> <span class='ocrx_word' id='word_1_161' title='bbox 562 1498 638 1537; x_wconf 90' lang='lat' dir='ltr'>ulla</span> <span class='ocrx_word' id='word_1_162' title='bbox 674 1510 825 1549; x_wconf 89' lang='lat' dir='ltr'>prorsus</span> <span class='ocrx_word' id='word_1_163' title='bbox 859 1497 999 1538; x_wconf 92' lang='lat' dir='ltr'>inuidia</span> <span class='ocrx_word' id='word_1_164' title='bbox 1019 1497 1154 1551; x_wconf 89' lang='lat' dir='ltr'>dignas</span> <span class='ocrx_word' id='word_1_165' title='bbox 1175 1504 1332 1548; x_wconf 82' lang='lat' dir='ltr'>norunt3</span> <span class='ocrx_word' id='word_1_166' title='bbox 1354 1493 1429 1537; x_wconf 83' lang='lat' dir='ltr'>non</span> 
     </span>
     <span class='ocr_line' id='line_1_21' title="bbox 221 1562 1429 1614; baseline 0.001 -13"><span class='ocrx_word' id='word_1_167' title='bbox 221 1562 377 1612; x_wconf 78' lang='lat' dir='ltr'>amicos,</span> <span class='ocrx_word' id='word_1_168' title='bbox 429 1575 586 1614; x_wconf 91' lang='lat' dir='ltr'>quorum</span> <span class='ocrx_word' id='word_1_169' title='bbox 621 1562 731 1602; x_wconf 89' lang='lat' dir='ltr'>michi</span> <span class='ocrx_word' id='word_1_170' title='bbox 774 1572 915 1614; x_wconf 87' lang='lat' dir='ltr'>partem</span> <span class='ocrx_word' id='word_1_171' title='bbox 952 1563 1150 1602; x_wconf 87' lang='lat' dir='ltr'>maximam</span> <span class='ocrx_word' id='word_1_172' title='bbox 1199 1575 1297 1602; x_wconf 90' lang='lat' dir='ltr'>mors</span> <span class='ocrx_word' id='word_1_173' title='bbox 1340 1562 1429 1602; x_wconf 87' lang='lat' dir='ltr'>abs-</span> 
     </span>
     <span class='ocr_line' id='line_1_22' title="bbox 221 1623 1428 1680; baseline -0.001 -13"><span class='ocrx_word' id='word_1_174' title='bbox 221 1627 305 1667; x_wconf 87' lang='lat' dir='ltr'>tulit</span> <span class='ocrx_word' id='word_1_175' title='bbox 327 1629 417 1677; x_wconf 79' lang='lat' dir='ltr'>(29l‚</span> <span class='ocrx_word' id='word_1_176' title='bbox 441 1640 624 1679; x_wconf 88' lang='lat' dir='ltr'>quosque,</span> <span class='ocrx_word' id='word_1_177' title='bbox 649 1637 688 1667; x_wconf 91' lang='lat' dir='ltr'>ut</span> <span class='ocrx_word' id='word_1_178' title='bbox 718 1627 859 1679; x_wconf 89' lang='lat' dir='ltr'>reliqua</span> <span class='ocrx_word' id='word_1_179' title='bbox 887 1623 1025 1675; x_wconf 85' lang='lat' dir='ltr'>omnia,</span> <span class='ocrx_word' id='word_1_180' title='bbox 1053 1627 1180 1680; x_wconf 88' lang='lat' dir='ltr'>partiri</span> <span class='ocrx_word' id='word_1_181' title='bbox 1201 1627 1322 1667; x_wconf 90' lang='lat' dir='ltr'>libens</span> <span class='ocrx_word' id='word_1_182' title='bbox 1344 1640 1428 1666; x_wconf 79' lang='lat' dir='ltr'>cum</span> 
     </span>
     <span class='ocr_line' id='line_1_23' title="bbox 222 1691 1428 1744; baseline 0.001 -14"><span class='ocrx_word' id='word_1_183' title='bbox 222 1692 352 1731; x_wconf 83' lang='lat' dir='ltr'>amicis</span> <span class='ocrx_word' id='word_1_184' title='bbox 373 1693 475 1731; x_wconf 87' lang='lat' dir='ltr'>soleo</span> <span class='ocrx_word' id='word_1_185' title='bbox 493 1694 566 1743; x_wconf 81' lang='lat' dir='ltr'>(3ol</span> <span class='ocrx_word' id='word_1_186' title='bbox 591 1707 600 1742; x_wconf 79' lang='lat'>3</span> <span class='ocrx_word' id='word_1_187' title='bbox 620 1705 695 1731; x_wconf 90' lang='lat' dir='ltr'>non</span> <span class='ocrx_word' id='word_1_188' title='bbox 715 1691 871 1731; x_wconf 88' lang='lat' dir='ltr'>formam</span> <span class='ocrx_word' id='word_1_189' title='bbox 893 1692 1074 1744; x_wconf 81' lang='lat' dir='ltr'>corporis,</span> <span class='ocrx_word' id='word_1_190' title='bbox 1097 1705 1183 1744; x_wconf 89' lang='lat' dir='ltr'>que,</span> <span class='ocrx_word' id='word_1_191' title='bbox 1206 1692 1237 1732; x_wconf 83' lang='lat' dir='ltr'>si</span> <span class='ocrx_word' id='word_1_192' title='bbox 1261 1704 1333 1744; x_wconf 87' lang='lat' dir='ltr'>qua</span> <span class='ocrx_word' id='word_1_193' title='bbox 1364 1705 1428 1731; x_wconf 86' lang='lat' dir='ltr'>un-</span> 
     </span>
     <span class='ocr_line' id='line_1_24' title="bbox 221 1756 1430 1809; baseline 0.001 -14"><span class='ocrx_word' id='word_1_194' title='bbox 221 1769 333 1809; x_wconf 90' lang='lat' dir='ltr'>quam</span> <span class='ocrx_word' id='word_1_195' title='bbox 353 1756 529 1808; x_wconf 76' lang='lat' dir='ltr'>fuit(31l‚</span> <span class='ocrx_word' id='word_1_196' title='bbox 549 1767 682 1797; x_wconf 87' lang='lat' dir='ltr'>cuncta</span> <span class='ocrx_word' id='word_1_197' title='bbox 712 1757 947 1797; x_wconf 90' lang='lat' dir='ltr'>uincentibus</span> <span class='ocrx_word' id='word_1_198' title='bbox 967 1757 1074 1797; x_wconf 90' lang='lat' dir='ltr'>annis</span> <span class='ocrx_word' id='word_1_199' title='bbox 1094 1757 1258 1806; x_wconf 87' lang='lat' dir='ltr'>euanuit,</span> <span class='ocrx_word' id='word_1_200' title='bbox 1284 1767 1320 1797; x_wconf 91' lang='lat' dir='ltr'>et</span> <span class='ocrx_word' id='word_1_201' title='bbox 1339 1770 1430 1809; x_wconf 95' lang='lat' dir='ltr'>qua-</span> 
     </span>
     <span class='ocr_line' id='line_1_25' title="bbox 224 1820 1428 1875; baseline 0.001 -15"><span class='ocrx_word' id='word_1_202' title='bbox 224 1822 319 1861; x_wconf 89' lang='lat' dir='ltr'>muis</span> <span class='ocrx_word' id='word_1_203' title='bbox 336 1820 422 1862; x_wconf 88' lang='lat' dir='ltr'>huic</span> <span class='ocrx_word' id='word_1_204' title='bbox 441 1822 529 1862; x_wconf 86' lang='lat' dir='ltr'>etati</span> <span class='ocrx_word' id='word_1_205' title='bbox 552 1822 642 1862; x_wconf 91' lang='lat' dir='ltr'>satis</span> <span class='ocrx_word' id='word_1_206' title='bbox 663 1822 797 1870; x_wconf 90' lang='lat' dir='ltr'>adhuc,</span> <span class='ocrx_word' id='word_1_207' title='bbox 824 1827 902 1862; x_wconf 90' lang='lat' dir='ltr'>Deo</span> <span class='ocrx_word' id='word_1_208' title='bbox 923 1822 1102 1875; x_wconf 82' lang='lat' dir='ltr'>largiente</span> <span class='ocrx_word' id='word_1_209' title='bbox 1119 1834 1164 1862; x_wconf 92' lang='lat' dir='ltr'>ac</span> <span class='ocrx_word' id='word_1_210' title='bbox 1184 1821 1428 1872; x_wconf 50' lang='lat' dir='ltr'>seruantem,</span> 
     </span>
     <span class='ocr_line' id='line_1_26' title="bbox 223 1886 1431 1939; baseline 0.002 -15"><span class='ocrx_word' id='word_1_211' title='bbox 223 1887 383 1937; x_wconf 81' lang='lat' dir='ltr'>habilis3</span> <span class='ocrx_word' id='word_1_212' title='bbox 407 1896 446 1926; x_wconf 92' lang='lat' dir='ltr'>at</span> <span class='ocrx_word' id='word_1_213' title='bbox 464 1897 565 1927; x_wconf 87' lang='lat' dir='ltr'>certe</span> <span class='ocrx_word' id='word_1_214' title='bbox 596 1886 782 1926; x_wconf 87' lang='lat' dir='ltr'>inuidiosa</span> <span class='ocrx_word' id='word_1_215' title='bbox 803 1888 875 1926; x_wconf 92' lang='lat' dir='ltr'>iam</span> <span class='ocrx_word' id='word_1_216' title='bbox 911 1886 1055 1939; x_wconf 87' lang='lat' dir='ltr'>pridem</span> <span class='ocrx_word' id='word_1_217' title='bbox 1095 1900 1176 1927; x_wconf 89' lang='lat' dir='ltr'>esse</span> <span class='ocrx_word' id='word_1_218' title='bbox 1205 1886 1332 1938; x_wconf 84' lang='lat' dir='ltr'>desijt,</span> <span class='ocrx_word' id='word_1_219' title='bbox 1362 1886 1431 1927; x_wconf 88' lang='lat' dir='ltr'>etsi</span> 
     </span>
     <span class='ocr_line' id='line_1_27' title="bbox 219 1951 1428 2004; baseline 0.002 -15"><span class='ocrx_word' id='word_1_220' title='bbox 219 1951 344 2002; x_wconf 85' lang='lat' dir='ltr'>qualis</span> <span class='ocrx_word' id='word_1_221' title='bbox 368 1965 530 2004; x_wconf 90' lang='lat' dir='ltr'>unquam</span> <span class='ocrx_word' id='word_1_222' title='bbox 562 1951 632 1992; x_wconf 86' lang='lat' dir='ltr'>fuit</span> <span class='ocrx_word' id='word_1_223' title='bbox 651 1952 773 1991; x_wconf 86' lang='lat' dir='ltr'>adhuc</span> <span class='ocrx_word' id='word_1_224' title='bbox 791 1961 904 2001; x_wconf 87' lang='lat' dir='ltr'>esset,</span> <span class='ocrx_word' id='word_1_225' title='bbox 947 1964 995 1991; x_wconf 88' lang='lat' dir='ltr'>an</span> <span class='ocrx_word' id='word_1_226' title='bbox 1026 1952 1084 1992; x_wconf 87' lang='lat' dir='ltr'>uel</span> <span class='ocrx_word' id='word_1_227' title='bbox 1122 1951 1232 1991; x_wconf 89' lang='lat' dir='ltr'>hodie</span> <span class='ocrx_word' id='word_1_228' title='bbox 1263 1965 1428 2004; x_wconf 88' lang='lat' dir='ltr'>possem,</span> 
     </span>
     <span class='ocr_line' id='line_1_28' title="bbox 222 2015 1430 2069; baseline 0 -14"><span class='ocrx_word' id='word_1_229' title='bbox 222 2017 279 2055; x_wconf 89' lang='lat' dir='ltr'>uel</span> <span class='ocrx_word' id='word_1_230' title='bbox 313 2026 402 2056; x_wconf 87' lang='lat' dir='ltr'>tunc</span> <span class='ocrx_word' id='word_1_231' title='bbox 437 2026 606 2069; x_wconf 92' lang='lat' dir='ltr'>poteram</span> <span class='ocrx_word' id='word_1_232' title='bbox 639 2016 827 2066; x_wconf 90' lang='lat' dir='ltr'>obliuisci,</span> <span class='ocrx_word' id='word_1_233' title='bbox 863 2017 922 2056; x_wconf 90' lang='lat' dir='ltr'>uel</span> <span class='ocrx_word' id='word_1_234' title='bbox 965 2015 1154 2069; x_wconf 90' lang='lat' dir='ltr'>poeticum</span> <span class='ocrx_word' id='word_1_235' title='bbox 1187 2016 1293 2066; x_wconf 90' lang='lat' dir='ltr'>illud,</span> <span class='ocrx_word' id='word_1_236' title='bbox 1331 2015 1430 2069; x_wconf 91' lang='lat' dir='ltr'>quod</span> 
     </span>
    </p>
   </div>
   <div class='ocr_carea' id='block_1_2' title="bbox 261 2128 1259 2265">
    <p class='ocr_par' dir='ltr' id='par_1_2' title="bbox 261 2128 1259 2265">
     <span class='ocr_line' id='line_1_29' title="bbox 263 2128 462 2159; baseline 0 0"><span class='ocrx_word' id='word_1_237' title='bbox 263 2128 276 2141; x_wconf 74' lang='lat'>²*</span> <span class='ocrx_word' id='word_1_238' title='bbox 298 2129 362 2159; x_wconf 85' lang='lat' dir='ltr'>Fol.</span> <span class='ocrx_word' id='word_1_239' title='bbox 384 2137 401 2159; x_wconf 85' lang='lat'><em>2</em></span> <span class='ocrx_word' id='word_1_240' title='bbox 419 2131 462 2159; x_wconf 87' lang='lat' dir='ltr'>v⁰.</span> 
     </span>
     <span class='ocr_line' id='line_1_30' title="bbox 266 2175 748 2217; baseline 0 -11"><span class='ocrx_word' id='word_1_241' title='bbox 266 2175 294 2190; x_wconf 74' lang='lat'>⁸*</span> <span class='ocrx_word' id='word_1_242' title='bbox 310 2175 448 2215; x_wconf 73' lang='lat' dir='ltr'>corrige,</span> <span class='ocrx_word' id='word_1_243' title='bbox 467 2185 518 2206; x_wconf 86' lang='lat' dir='ltr'>sur</span> <span class='ocrx_word' id='word_1_244' title='bbox 539 2186 579 2206; x_wconf 95' lang='lat' dir='ltr'>un</span> <span class='ocrx_word' id='word_1_245' title='bbox 596 2183 748 2217; x_wconf 84' lang='lat' dir='ltr'>grattage.</span> 
     </span>
     <span class='ocr_line' id='line_1_31' title="bbox 261 2222 1259 2265; baseline 0.001 -12"><span class='ocrx_word' id='word_1_246' title='bbox 261 2222 303 2238; x_wconf 51' lang='grc' dir='ltr'><strong><em>Μ</em></strong></span> <span class='ocrx_word' id='word_1_247' title='bbox 321 2232 355 2253; x_wconf 79' lang='lat' dir='ltr'>ac</span> <span class='ocrx_word' id='word_1_248' title='bbox 372 2228 515 2262; x_wconf 83' lang='lat' dir='ltr'>servante,</span> <span class='ocrx_word' id='word_1_249' title='bbox 539 2223 615 2254; x_wconf 85' lang='lat' dir='ltr'>dans</span> <span class='ocrx_word' id='word_1_250' title='bbox 635 2224 663 2255; x_wconf 90' lang='lat' dir='ltr'>la</span> <span class='ocrx_word' id='word_1_251' title='bbox 682 2233 784 2265; x_wconf 81' lang='lat' dir='ltr'>marge</span> <span class='ocrx_word' id='word_1_252' title='bbox 803 2224 841 2254; x_wconf 84' lang='lat' dir='ltr'>de</span> <span class='ocrx_word' id='word_1_253' title='bbox 859 2223 968 2262; x_wconf 88' lang='lat' dir='ltr'>droite,</span> <span class='ocrx_word' id='word_1_254' title='bbox 988 2232 1060 2254; x_wconf 84' lang='lat' dir='ltr'>avec</span> <span class='ocrx_word' id='word_1_255' title='bbox 1081 2233 1122 2254; x_wconf 92' lang='lat' dir='ltr'>un</span> <span class='ocrx_word' id='word_1_256' title='bbox 1142 2223 1259 2255; x_wconf 87' lang='lat' dir='ltr'>renvoi.</span> 
     </span>
    </p>
   </div>
  </div>
 </body>
</html>
