1494 2600
695 196 908 235 -60-

197 279 319 320 hiatus
340 280 506 331 introire,
529 292 569 322 ut
589 282 664 322 illic
685 283 721 322 in
742 283 904 323 tenebris
924 284 1047 324 lumen
1081 285 1296 325 inueniant?
1321 290 1406 340 Qio

196 345 308 384 nichil
330 346 515 386 amentius
532 346 621 400 fingi
643 357 780 399 potest.
805 348 878 400 Ipsi
895 359 1033 398 autem,
1054 363 1100 389 ne
1120 350 1169 389 nil
1189 363 1298 402 agere
1317 349 1401 390 illos

195 419 316 461 putes,
340 423 403 449 seu
430 411 518 463 quid
539 422 652 465 agant
678 412 861 465 ignorare,
877 414 982 465 ‘quod
1013 424 1140 466 aperta
1173 414 1404 466 professione

193 487 266 513 non
281 474 432 523 audent,
451 476 721 527 protestatione
741 477 971 518 clandestina
997 478 1106 518 fidem
1126 489 1279 532 negant,
1302 491 1402 518 nunc

193 538 299 588 seriis
331 539 620 593 sophisticisque
649 541 903 593 blasphemiis,
925 556 1024 582 nunc
1053 543 1204 583 ludicris
1233 553 1269 584 et
1304 544 1403 583 male

192 602 309 653 falsis,
354 614 390 644 et
427 605 613 645 olentibus
656 606 748 646 iocis
780 616 892 659 atque
927 607 1066 660 impijs.
1106 613 1227 661 Atque
1262 621 1401 662 magno
1439 605 1442 610 ’

189 667 420 708 audientium
440 682 593 709 assensu
615 671 712 723 apud
743 670 867 723 ipsum
891 672 1106 712 Ciceronem
1128 673 1284 725 loquens
1305 674 1398 713 Bal-

190 732 259 772 bus
281 734 383 784 (183)
402 748 409 772 ;
432 749 451 773 «
476 736 585 782 Mala,
606 735 740 788 inquit,
760 746 796 776 et
810 737 922 789 impia
943 737 1175 777 consuetudo
1192 747 1248 778 est
1267 747 1397 778 contra

188 798 278 838 deos
299 798 532 851 disputandi,
553 799 632 840 siue
655 814 699 840 ex
719 801 844 841 animo
862 801 897 841 id
919 802 998 841 siue
1014 801 1186 842 simulate
1200 817 1237 852 ›>‚
1261 804 1395 855 loque-

189 862 295 903 batur
316 873 356 903 ut
376 864 528 904 deorum
555 866 674 905 cultor
697 866 770 918 pie,
801 879 1025 919 quamquam
1055 867 1174 919 pietas
1197 867 1261 907 illa
1281 867 1398 920 impia

189 937 285 968 esset
309 941 353 968 ac
373 929 562 981 pestifera.
587 934 706 985 Quam
728 944 815 984 ergo
837 932 932 971 mala
952 945 1139 984 quamque
1159 932 1272 984 impia
1299 944 1392 972 con-

187 993 345 1032 suetudo
378 995 454 1033 ueri
489 995 555 1034 Dei
591 995 796 1036 cultoribus
828 997 944 1036 uideri
976 997 1100 1046 debet,
1123 1006 1252 1037 contra
1282 997 1394 1037 deum

186 1070 307 1103 suum,
333 1059 402 1098 hoc
425 1069 480 1099 est
505 1070 633 1099 contra
666 1074 795 1110 unum,
831 1074 974 1110 uerum,
1008 1061 1135 1101 uiuum
1174 1061 1242 1102 celi
1274 1066 1393 1101 Deum

185 1122 400 1174 disputandi
424 1137 661 1177 quocumque
690 1126 906 1178 proposito?
925 1131 1019 1166 Nam
1034 1126 1064 1166 si
1094 1140 1139 1166 ex
1160 1127 1286 1166 animo
1312 1126 1389 1176 fiat,

186 1187 307 1227 scelus
322 1187 451 1241 ingens
471 1199 507 1229 et
527 1189 722 1241 impietas;
741 1190 771 1230 si
793 1191 954 1230 ludendo
973 1201 1112 1238 autem,
1136 1191 1392 1244 ineptissimus

185 1251 352 1292 luduset
372 1254 539 1293 censoria
561 1254 696 1307 dignus
725 1265 783 1295 est
811 1265 913 1297 nota.
937 1261 1021 1296 Non
1051 1256 1121 1296 hoc
1149 1266 1273 1296 tamen
1292 1257 1392 1309 aspi-

183 1316 285 1357 ciunt
314 1318 455 1357 iudices
477 1319 564 1367 mei,
583 1332 741 1371 quorum
763 1319 800 1359 in
830 1320 968 1360 iudicio
991 1334 1066 1361 non
1094 1321 1270 1375 ignorans
1295 1321 1392 1361 adeo

182 1381 341 1431 uiderer,
374 1383 411 1422 ni
443 1383 639 1423 cristianus
671 1397 805 1426 essem.
836 1386 1034 1440 Quomodo
1062 1387 1160 1426 enim
1192 1386 1392 1427 cristianus

182 1447 292 1486 homo
312 1448 479 1488 literatus
502 1449 688 1489 uideretur
720 1449 791 1498 his,
813 1451 877 1502 qui
904 1451 1071 1504 ydiotam
1103 1451 1278 1500 eristum,
1310 1464 1391 1491 ma-

179 1511 348 1566 gistrum*
367 1523 403 1552 et
430 1513 622 1553 dominum
643 1525 825 1563 nostrum,
848 1515 1007 1556 dicunt?
1033 1521 1117 1556 Non
1149 1516 1256 1556 facile
1285 1517 1388 1556 rudis

180 1577 346 1629 magistri
375 1577 582 1630 discipulus
602 1579 766 1619 eruditus
794 1579 900 1629 fiet*,
928 1581 977 1621 ab
994 1582 1094 1621 illius
1111 1581 1279 1635 uestigiis
1306 1595 1382 1621 non

178 1640 382 1692 diuertenS.
407 1642 550 1695 Cupide
569 1643 682 1696 igitur
697 1654 733 1684 et
743 1644 934 1691 audacter,
958 1655 994 1686 et
1014 1646 1238 1699 importune,
1257 1655 1386 1686 contra

179 1715 434 1758 preceptorem
479 1717 684 1760 contraque
724 1708 930 1762 discipulos
974 1710 1053 1750 eius
1095 1711 1271 1760 clamant,
1311 1710 1390 1750 imo

177 1769 313 1811 latrant
332 1780 369 1810 et
389 1771 583 1821 insultant,
608 1773 719 1825 inque
742 1787 786 1813 eo
818 1774 977 1814 maxime
998 1775 1219 1829 gloriantur,
1241 1775 1272 1815 si
1293 1788 1384 1815 con-

175 1833 299 1874 fusum
320 1835 460 1888 aliquid
485 1850 529 1876 ac
548 1839 765 1890 perplexum
781 1839 955 1890 dixerint,
967 1853 1037 1880 nec
1053 1840 1124 1880 sibi
1144 1853 1214 1881 nec
1232 1840 1316 1892 alijs
1329 1840 1385 1880 in-

174 1900 381 1941 tellectum.
395 1905 490 1941 Nam
511 1903 610 1954 quis,
625 1916 769 1955 precor,
790 1903 977 1959 intelligat
989 1918 1064 1945 non
1079 1905 1383 1959 intelli“gentem

173 1964 241 2004 se?
261 1969 339 2005 Nec
358 1966 515 2007 audiunt
546 1972 717 2008 Cesarem
751 1973 975 2022 Augustum,
1000 1970 1094 2011 inter
1125 1971 1240 2010 multa
1268 1969 1383 2010 animi

172 2029 389 2082 ingeniique
411 2031 520 2082 bona,
544 2032 829 2073 disertissimum
849 2035 1073 2088 principem,
1094 2035 1172 2088 qui,
1192 2045 1234 2076 ut
1252 2035 1299 2075 de
1318 2035 1386 2075 illo

209 2188 223 2202 *
247 2193 301 2220 Les
315 2197 393 2220 mots
411 2191 540 2222 eruditus
553 2192 609 2231 fiet
627 2199 695 2224 sont
711 2192 800 2223 e'crits
819 2203 872 2224 sur
888 2203 929 2224 un
945 2201 1097 2235 grattage.

216 2235 244 2251 ‘⁴
266 2237 327 2267 Fol.
350 2246 383 2268 21
410 2241 454 2268 v⁰.
