1494 2600
672 207 882 255 -36-

176 283 389 348 peruenere,
413 303 453 333 ut
472 294 555 346 qui*
572 293 717 333 iuuenis
736 294 901 334 doctusa
915 294 1138 347 quibusdam
1161 295 1235 336 dici
1259 297 1374 344 soleo,

176 359 415 412 profundiore
430 358 568 398 iudicio
583 371 695 398 senex
710 358 839 411 ydiota
854 359 1028 411 reperiar.
1047 360 1254 400 Dolendum
1269 360 1377 400 forsi-

173 435 252 475 tan,
266 424 328 463 sed
345 423 534 462 ferendum
552 438 560 473 3
575 422 730 463 forsitan
747 436 816 463 nec
829 423 1045 474 dolendum,
1066 425 1256 465 ferendum
1271 439 1373 476 sane,

174 499 213 529 ut
234 489 374 540 reliqua
389 488 513 528 omnia
527 501 599 540 que
617 487 830 528 hominibus
849 489 1026 530 accidunt
1043 503 1050 528 :
1071 490 1264 540 damnum,
1282 504 1377 543 pau-

173 553 306 606 peries,
322 552 440 601 labor,
461 552 579 601 dolor,
598 553 752 601 tedium,
773 566 887 601 mors,
902 553 1068 603 exilium,
1087 554 1238 611 infamia
1252 558 1260 606 (
1273 557 1372 607 103).

161 623 254 673 *Que
286 618 315 658 si
348 617 439 657 falsa
470 627 539 666 est,
571 617 778 669 spernenda
794 627 885 668 *est3
908 631 993 657 nam
1027 628 1064 659 et
1080 611 1375 660 contradictores

170 684 347 731 inueniet,
371 693 406 723 et
427 682 547 722 eundo
569 681 736 731 deficiet;
754 683 783 722 si
805 695 891 722 uera
913 692 1051 732 autem,
1075 685 1278 724 recusanda
1299 698 1374 731 non

172 759 240 798 est,
254 759 295 789 ut
304 761 372 788 nec
382 748 453 788 alia
466 747 586 799 culpis
599 747 788 786 hominum
802 748 953 788 inuenta
966 748 1163 801 supplicia.
1177 750 1371 802 Equidem,

169 814 199 853 si
219 814 374 854 scientie
394 826 520 852 uerum
541 812 654 852 decus
680 812 791 852 michi
819 812 940 853 uerbis
971 812 1139 865 eripitur,
1163 814 1306 856 ridebo,
1327 819 1376 855 At

169 879 198 918 si
227 878 376 927 falsum,
397 890 471 917 non
493 876 607 916 feram
630 876 754 924 modo,
782 877 844 916 sed
869 877 1054 930 gaudebo,
1082 891 1158 918 non
1182 878 1274 919 meis
1293 892 1374 919 sar-

166 943 261 983 cinis
276 955 455 983 excussus
470 941 680 982 etindebite
689 941 787 981 fame
798 942 982 982 laboriosa
999 943 1170 983 custodia
1181 943 1371 987 liberatus.

169 1007 299 1048 Melius
320 1021 403 1048 cum
425 1007 588 1059 predone
609 1007 745 1060 agitur,
771 1007 859 1046 dum
883 1007 1030 1047 iniustis
1054 1008 1185 1059 spoliis
1212 1008 1370 1058 exuitur,

165 1086 278 1125 quam
293 1073 381 1112 dum
400 1073 552 1124 impune
570 1071 668 1111 furto
681 1071 808 1113 utitur.
826 1071 953 1112 Iniusti
966 1073 1194 1124 possessoris
1204 1074 1374 1114 exclusor

165 1137 325 1177 iniustus
351 1150 433 1177 esse
464 1146 602 1189 potest,
631 1146 669 1176 at
689 1136 854 1176 exclusio
883 1136 1011 1188 utique
1040 1137 1137 1177 iusta
1169 1147 1239 1180 est.
1264 1139 1371 1192 Quod

165 1202 209 1241 ad
235 1215 293 1241 me
309 1202 456 1248 attinet,
480 1210 520 1240 ut
542 1201 634 1249 dixi,
657 1214 731 1240 non
756 1201 890 1241 iustam
913 1202 1024 1257 modo
1045 1202 1281 1252 sententiam,
1308 1204 1371 1243 sed

162 1267 337 1307 iniustam
377 1266 509 1318 probo,
545 1279 613 1305 nec
649 1265 808 1305 iudicem
849 1266 1054 1317 quemlibet
1085 1279 1154 1306 nec
1186 1277 1371 1320 raptorem

165 1344 292 1373 renuo,
309 1336 477 1383 Op'erosa
493 1343 536 1370 ac
559 1329 722 1370 difficilis
743 1343 800 1370 res
819 1340 875 1370 est
891 1330 990 1370 fama
1006 1333 1125 1382 (104),
1141 1341 1176 1372 et
1196 1332 1373 1385 precipue

162 1398 365 1438 literarum.
385 1401 525 1436 Omnes
547 1396 583 1435 in
598 1408 678 1434 eam
700 1395 833 1448 uigiles
849 1405 962 1448 atque
981 1396 1113 1436 armati
1129 1406 1239 1447 sunt;
1260 1396 1371 1437 etiam

161 1462 224 1514 qui
254 1474 402 1514 sperare
426 1461 525 1501 illam
556 1470 746 1513 nequeunt
767 1460 991 1500 habentibus
1010 1460 1181 1501 nituntur
1205 1461 1370 1514 eripere3

161 1527 353 1568 habendus
367 1527 532 1566 calamus
547 1538 692 1577 semper
706 1524 742 1564 in
759 1525 930 1565 manibus
945 1526 1049 1577 (105)
1067 1540 1076 1576 3
1089 1525 1234 1566 intento
1247 1526 1372 1567 animo

159 1592 366 1644 erectisque
388 1591 539 1630 auribus
561 1602 707 1642 semper
734 1590 770 1628 in
791 1590 871 1629 acie
900 1590 1074 1630 standum
1099 1599 1168 1632 est.
1193 1590 1371 1645 Quisquis

159 1655 396 1709 quocumque
420 1654 614 1707 proposito
637 1668 697 1694 me
726 1654 781 1694 his
802 1655 899 1694 curis
919 1664 1033 1707 atque
1062 1655 1133 1695 hoc
1153 1655 1254 1695 fasce
1273 1655 1370 1695 libe-

160 1721 311 1768 rauerit,
331 1721 503 1760 assertori
527 1733 610 1760 meo
635 1719 792 1773 gratiam
819 1720 954 1768 habeo,
983 1729 1021 1760 et
1047 1733 1111 1760 seu
1141 1719 1276 1760 falsum
1306 1733 1370 1761 seu

160 1799 303 1834 uerum,
339 1795 439 1825 certe
473 1785 700 1824 laboriosum
741 1796 785 1824 ac
820 1784 1008 1824 solicitum
1041 1784 1175 1826 literati
1217 1798 1368 1834 nomen,

157 1850 295 1903 quietis
309 1860 420 1902 atque
435 1849 498 1900 otij
518 1849 666 1898 avidus,
678 1849 796 1889 libens
808 1862 907 1901 pono
919 1849 1040 1902 (106),
1058 1862 1268 1890 memorans
1278 1849 1369 1890 illud

161 1915 298 1955 Annei:
326 1932 343 1951 α
369 1920 504 1967 Magno
537 1913 726 1965 impendio
753 1923 976 1966 temporum,
1003 1927 1137 1968 magna
1167 1914 1370 1954 alienarum

156 1980 301 2020 aurium
324 1980 493 2020 molestia
511 1978 674 2018 laudatio
696 1979 762 2018 hec
785 1988 932 2019 constat
967 1981 1086 2030 (107).
1121 1983 1152 2019 Ο
1182 1978 1370 2019 hominem

159 2045 370 2085 literatum!
395 2044 511 2084 simus
536 2044 605 2083 hoc
634 2043 743 2084 titulo
766 2043 960 2084 rusticiore
990 2044 1180 2084 contenti:
1203 2057 1226 2084 o
1250 2043 1370 2084 uirum

200 2252 214 2266 ⁸
237 2253 300 2284 Fol.
327 2260 362 2282 ιο
383 2256 419 2283 τ’.
