1494 2600
682 198 894 245 -45—

181 293 263 320 esse
288 290 363 320 tam
392 277 561 332 apertum
585 290 737 334 tamque
766 284 1018 336 perspicuum,
1040 287 1159 326 celum
1189 287 1219 327 si
1236 289 1387 340 aspexi-

181 358 264 384 mus
288 345 513 397 celestiaque
543 347 785 398 contemplati
811 361 952 398 sumus,
984 363 1095 402 quam
1129 364 1210 391 esse
1233 353 1383 404 aliquod

179 422 316 448 numen
346 410 641 461 prestantissime
669 412 819 461 mentis,
848 427 923 466 quo
956 414 1025 454 hec
1054 416 1256 469 regantur?
1280 431 1300 455 1>
1335 422 1386 459 Et

178 474 309 513 eodem
330 474 444 514 libro:
471 489 491 514 «
513 475 706 528 Crisippus
735 477 900 529 quidem,
924 479 1060 531 inquit,
1083 493 1308 533 quamquam
1329 492 1385 523 est

177 538 357 578 acerrimo
379 539 546 592 ingenio,
569 549 694 580 tamen
711 554 753 581 ea
777 542 884 591 dicit,
911 553 951 583 ut
970 543 1018 583 ab
1037 543 1118 596 ipsa
1138 555 1268 586 natura
1285 547 1386 586 didi-

176 604 287 652 cisse,
306 616 380 643 non
401 614 442 644 ut
474 604 553 656 ipse
579 606 789 658 repperisse
820 607 1004 649 uideatur.
1031 609 1068 648 Si
1099 610 1210 660 enim,
1245 611 1381 664 inquit,

175 678 231 708 est
251 668 392 720 aliquid
411 669 448 708 in
468 682 587 709 rerum
608 681 753 720 natura,
778 672 878 724 quod
907 673 1067 714 hominis
1085 688 1188 715 mens
1208 685 1245 716 et
1271 677 1378 726 ratio,

174 733 275 785 quod
297 733 367 782 uis,
390 733 490 786 quod
525 744 690 787 potestas
722 736 883 776 humana
905 737 1048 779 efficere
1073 752 1147 779 non
1170 740 1302 792 possit,
1326 751 1382 782 est

173 808 273 838 certe
295 798 331 838 id
353 799 451 851 quod
474 799 594 840 effecit
623 800 774 840 homine
795 802 943 845 melius.
967 807 1089 855 Atque
1123 817 1180 844 res
1208 806 1377 855 celestes,

173 863 401 915 omnesque*
426 863 484 912 he,
507 877 662 917 quarum
681 876 736 906 est
760 867 852 906 ordo
872 868 1134 920 sempiternus,
1156 869 1205 909 ab
1233 870 1382 911 homine

172 927 303 968 confici
332 941 407 968 non
441 939 623 981 possunt3
645 940 703 971 est
734 931 848 984 igitur
871 932 907 972 id
940 946 1016 985 quo
1039 933 1102 973 illa
1133 934 1380 976 conficiuntur

172 993 321 1033 homine
332 994 478 1034 melius.
496 995 533 1034 Id
548 1005 672 1035 autem
683 996 772 1048 quid
787 997 912 1048 potius
923 998 1061 1038 dixeris
1071 1012 1182 1051 quam
1197 1004 1315 1039 Deum
1329 1000 1343 1040 ?
1355 1014 1375 1038 »

171 1058 280 1105 Dein,
307 1059 435 1110 paucis
468 1059 670 1100 interiectis
698 1063 798 1112 (¹39)
825 1075 833 1101 :
859 1076 879 1101 <‹
897 1063 1004 1115 Quod
1021 1063 1050 1103 si
1069 1076 1211 1112 omnes,
1237 1065 1373 1118 inquit,

170 1123 442 1175 mundi‘partes
462 1124 513 1164 ita
537 1125 741 1166 constitute
767 1136 869 1174 sunt,
893 1137 934 1167 ut
952 1140 1073 1180 neque
1100 1129 1147 1168 ad
1168 1143 1275 1169 usum
1299 1143 1376 1170 me—

169 1187 293 1236 liores,
319 1201 439 1240 neque
469 1189 515 1228 ad
539 1190 703 1241 speciem
734 1191 938 1242 pulcriores
965 1191 1060 1233 effici
1090 1194 1292 1245 potuerint,
1314 1195 1375 1235 vi-

167 1252 321 1292 deamus
349 1263 471 1293 utrum
492 1266 534 1293 ea
557 1253 710 1295 fortuita
731 1255 819 1304 sint,
851 1269 900 1296 an
921 1270 965 1296 eo
991 1267 1090 1298 statu
1110 1271 1185 1310 quo
1205 1259 1377 1300 coherere

167 1318 271 1357 nullo
298 1318 412 1357 modo
444 1319 648 1370 potuerint,
679 1319 750 1360 nisi
789 1333 900 1361 sensu
930 1322 1144 1363 moderante
1174 1323 1376 1377 diuinaque

166 1382 415 1434 prouidentia.
440 1383 476 1423 Si
507 1384 621 1437 igitur
641 1385 791 1424 meliora
813 1396 900 1427 sunt
919 1400 993 1439 que
1010 1398 1154 1437 natura,
1177 1402 1288 1441 quam
1302 1403 1378 1442 que

165 1457 244 1487 arte
264 1447 425 1499 perfecta
453 1458 553 1498 sunt,
576 1462 646 1489 nec
664 1463 724 1489 ars
750 1449 864 1491 efficit
887 1451 1086 1504 quicquam
1116 1453 1195 1493 sine
1217 1454 1372 1504 ratione,

165 1523 233 1551 nec
253 1522 382 1552 natura
397 1513 547 1565 quidem
560 1514 712 1554 rationis
727 1528 862 1567 expers
882 1526 938 1556 est
959 1516 1154 1569 habenda3
1175 1531 1250 1558 non
1261 1519 1375 1573 igitur

165 1578 354 1625 conuenit,
387 1579 535 1631 signum
569 1589 634 1620 aut
669 1580 845 1620 tabellam
883 1581 1023 1633 pictam
1053 1595 1138 1623 cum
1165 1584 1370 1636 aspexeris,

164 1641 258 1681 scire
300 1641 507 1683 adhibitam
543 1656 625 1684 esse
667 1654 799 1691 artem,
843 1658 1005 1698 cumque
1049 1648 1177 1699 procul
1224 1661 1372 1689 cursum

162 1707 301 1760 nauigii
322 1707 473 1758 uideris,
496 1722 571 1748 non
600 1709 773 1750 dubitare
803 1711 894 1762 quin
922 1711 958 1750 id
988 1712 1130 1752 ratione
1158 1722 1271 1766 atque
1295 1724 1375 1755 arte

163 1781 376 1817 moueatur;
403 1782 466 1812 aut
484 1785 568 1812 cum
589 1774 766 1813 solarium
789 1775 845 1814 uel
866 1775 1095 1828 descriptum
1121 1787 1186 1818 aut
1208 1790 1254 1817 ex
1275 1790 1371 1831 aqua

161 1836 428 1888 contemplere,
460 1837 669 1891 intelligere
700 1839 876 1880 declarari
904 1840 1013 1881 horas
1042 1850 1133 1891 arte,
1157 1855 1231 1883 non
1264 1855 1368 1894 casu,

161 1899 340 1940 mundum
361 1901 425 1953 qui
450 1911 486 1942 et
503 1902 568 1942 has
590 1903 691 1955 ipsas
705 1914 801 1944 artes
819 1914 856 1944 et
875 1917 1001 1944 earum
1020 1905 1179 1946 artifices
1199 1916 1236 1948 et
1255 1917 1367 1948 cunta

159 1965 446 2016 complectatur,
466 1967 613 2019 consilij
638 1978 674 2008 et
698 1968 853 2009 rationis
873 1979 1062 2022 expertem
1092 1980 1236 2023 putare.
1260 1973 1366 2027 Qod

159 2028 189 2067 si
216 2029 251 2068 in
292 2029 468 2071 Scithiam
489 2041 553 2072 aut
589 2032 628 2072 in
659 2033 892 2073 Britanniam
917 2047 1063 2087 speram
1085 2034 1221 2088 aliquis
1246 2036 1371 2078 tulerit

158 2092 265 2143 hanc,
288 2107 399 2146 quam
429 2109 547 2149 nuper
571 2096 763 2138 familiaris
795 2108 920 2139 noster
947 2099 1069 2140 effecit
1102 2100 1364 2151 possidonius,

198 2235 212 2249 ¹¹
236 2237 299 2267 Fol.
325 2245 355 2277 ¹5
377 2243 419 2268 ro.
