1494 2600
680 198 893 237 -42-

184 275 373 316 catholici.
408 274 478 314 Sed
502 274 592 326 quid
620 284 722 326 peto,
751 275 851 327 quod
873 275 970 316 ultro
992 275 1112 316 facere
1141 275 1225 316 illos
1249 286 1286 317 et
1307 275 1386 316 fac-

183 349 285 379 turos
317 352 399 379 esse
431 339 538 379 scio?
568 344 652 379 Non
687 340 837 392 quidem
868 340 977 381 nobis
1006 341 1073 381 hec
1105 340 1288 389 inuident,
1323 341 1387 381 sed
1420 357 1425 362 ·

183 413 427 444 contemnunt
457 414 647 457 tamquam
678 404 862 457 simplicia
895 416 930 446 et
969 407 1129 456 abiecta,
1157 405 1390 460 ingeniisque

183 468 259 508 suis
272 468 426 520 imparia
447 478 483 509 et
497 469 664 523 indigna.
689 473 835 510 Secreta
848 471 959 524 igitur
970 481 1113 519 nature,
1132 481 1245 523 atque
1258 471 1388 511 altiora

183 533 256 572 illis
290 533 449 573 archana
485 534 566 582 Dei,
605 547 678 586 que
709 548 777 575 nos
810 535 942 575 humili
971 535 1044 575 fide
1075 535 1315 588 suscipimus,
1351 535 1386 575 hi
1428 567 1431 570 ⁴

183 600 343 650 superba
373 598 547 639 iactantia
576 598 744 640 nituntur
774 600 958 653 arripere;
991 613 1060 641 nec
1087 601 1290 655 attingunt,
1321 613 1389 640 nec

183 662 407 714 adpropiant
427 664 603 716 quidem;
631 665 694 704 sed
719 666 902 718 attingere
925 675 960 706 et
984 679 1111 719 pugno
1138 667 1259 706 celum
1274 666 1390 706 strin-

183 727 298 781 gere*
321 728 441 768 insani
456 729 652 775 extimant,
670 739 706 769 et
733 730 888 782 perinde
901 740 957 770 est
972 730 1023 770 eis
1040 743 1084 770 ac
1100 731 1130 770 si
1148 730 1386 784 stringerent,

183 792 332 845 propria
353 793 532 845 opinione
553 795 739 834 contentis
761 805 798 835 et
826 808 949 835 errore
970 795 1236 849 gaudentibus.
1258 799 1389 847 Neque

185 857 269 897 illos
286 858 334 897 ab
355 858 499 898 insania
525 859 692 909 retrahit,
713 873 788 899 non
805 860 892 901 dico
911 861 969 900 uel
994 861 1044 900 rei
1066 860 1184 913 ipsius
1210 860 1387 912 impossi-

183 922 322 972 bilitas,
352 923 396 962 ad
424 928 612 964 Romanos
644 924 864 976 apostolicis
899 925 1023 965 uerbis
1053 937 1228 976 expressa
1257 926 1385 976 (121):

184 1002 205 1026 «
229 989 321 1042 Quis
340 988 438 1028 enim
475 989 654 1042 cognouit
684 1002 833 1029 sensum
861 990 1024 1038 Domini,
1046 1000 1111 1030 aut
1145 990 1229 1042 quis
1260 990 1386 1030 consi-

183 1052 308 1092 liarius
320 1052 399 1092 eius
413 1052 483 1093 fuit
496 1053 509 1093 ?
524 1068 544 1092 »
559 1054 623 1094 Vel
638 1054 727 1094 illud
748 1054 1043 1095 ecclesiasticum
1057 1067 1102 1095 ac
1118 1055 1255 1095 celeste
1265 1056 1386 1095 consi-

182 1117 271 1157 lium
289 1119 391 1168 (ιη)
413 1131 421 1157 z
447 1133 467 1157 «
485 1119 625 1159 Altiora
643 1129 679 1159 te
691 1133 737 1159 ne
749 1119 944 1171 quesieris,
959 1129 994 1160 et
1005 1119 1155 1160 fortiora
1172 1129 1208 1160 te
1221 1133 1267 1159 ne
1284 1132 1388 1160 scru-

182 1191 282 1222 tatus
293 1182 406 1223 fueris
418 1197 427 1233 ;
438 1183 501 1222 sed
514 1184 626 1236 que**
637 1185 803 1236 precepit
815 1189 914 1224 Deus
927 1184 1008 1234 tibi,
1022 1184 1083 1224 illa
1094 1184 1218 1238 cogita
1226 1197 1385 1237 semper,

182 1256 219 1287 et
238 1246 276 1286 in
298 1247 466 1299 pluribus
492 1248 668 1300 operibus
697 1249 776 1288 eius
799 1263 845 1289 ne
870 1249 982 1289 fueris
1008 1249 1200 1300 curiosus;
1232 1262 1308 1289 non
1333 1259 1389 1290 est

183 1311 281 1351 enim
293 1312 360 1352 tibi
375 1312 624 1352 necessarium
639 1327 681 1353 ea
695 1326 769 1366 que
780 1314 1001 1354 abscondita
1014 1324 1102 1355 sunt
1117 1314 1256 1356 uidere.
1269 1328 1290 1353 »
1304 1319 1388 1355 Νοη

184 1376 251 1416 hec
270 1377 379 1427 dico;
415 1390 459 1418 ex
479 1391 575 1430 equo
597 1378 693 1418 enim
718 1389 897 1431 spernunt
921 1379 1099 1432 quicquid
1119 1380 1268 1429 celitus,
1295 1379 1385 1428 imo,

182 1451 222 1482 ut
244 1441 365 1482 dicam
394 1443 494 1495 q‘uod
517 1453 590 1492 est,
611 1443 790 1495 quicquid
811 1443 994 1484 catholice
1013 1444 1155 1485 dictum
1177 1444 1314 1486 sciunt.
1341 1448 1388 1484 At

182 1507 312 1546 saltem
327 1517 363 1547 et
382 1508 583 1548 Democriti
599 1508 835 1560 nonvineptus
850 1508 972 1548 iocus:
1001 1523 1021 1548 «
1036 1509 1146 1563 Qiod
1166 1518 1235 1558 est,
1249 1508 1385 1561 inquit,

181 1581 268 1611 ante
282 1572 410 1624 pedes,
424 1585 534 1612 nemo
549 1583 717 1625 spectat;
743 1573 811 1613 celi
835 1575 1184 1627 scrutanturplagas
1206 1587 1225 1612 »
1257 1574 1383 1625 (123);

184 1645 220 1676 et
241 1635 467 1677 facetissima
485 1637 548 1677 illa
568 1637 757 1678 Ciceronis
775 1638 896 1678 irrisio
917 1639 1019 1690 (124)
1042 1638 1235 1679 temerarie
1253 1638 1385 1690 dispu-

183 1701 357 1752 tantium,
371 1703 547 1755 nullaque
560 1703 606 1742 de
620 1716 658 1742 re
671 1703 936 1753 dubitantium,
951 1713 1156 1756 tamquam,
1173 1703 1285 1744 modo
1298 1704 1385 1743 deo-

183 1780 262 1806 rum
282 1779 326 1806 ex
346 1766 507 1807 concilio
523 1767 804 1817 descendentes,
825 1767 915 1819 quid
941 1767 991 1808 ibi
1013 1777 1145 1821 agatur
1164 1769 1281 1808 oculis
1310 1767 1386 1808 suis

183 1831 397 1884 aspexerint
418 1832 644 1884 auribusque
662 1832 915 1885 perceperint;
937 1833 995 1872 vel
1016 1832 1106 1873 illud
1123 1833 1312 1886 antiquius
1325 1842 1386 1873 at-

184 1910 256 1948 que
269 1896 390 1937 acrius
401 1897 500 1949 apud
515 1902 716 1938 Homerum
732 1900 759 1949 (ι
772 1909 789 1936 2
803 1898 832 1949 5)
849 1911 856 1937 :
870 1897 1014 1950 Jupiter
1026 1898 1309 1938 norrmortalem
1321 1897 1385 1938 ho-

184 1961 336 2009 minem,
359 1974 433 2001 non
448 1975 468 2001 e
484 1962 670 2002 communi
685 1976 800 2015 grege
812 1962 921 2002 deum
936 1962 1113 2015 aliquem,
1128 1962 1192 2003 sed
1203 1966 1385 2002 lunonem

185 2025 286 2066 illam
308 2039 412 2066 suam
432 2027 629 2080 coniugem
652 2039 696 2067 ac
713 2040 877 2067 sororem
892 2027 1132 2081 reginamque
1150 2028 1261 2067 deum
1280 2027 1384 2080 graui

223 2183 237 2197 ¹¹
260 2185 323 2215 Fol.
347 2193 379 2224 ¹3
399 2187 437 2216 r⁰.

222 2230 249 2245 ⁴*
271 2241 323 2270 que
340 2239 385 2263 est
404 2231 506 2271 ajoute
523 2232 599 2263 dans
613 2233 808 2274 l'interligne.
