1494 2600
640 215 853 253 „72-

142 291 254 331 etiam
270 300 389 331 rectos
406 290 451 329 ad
474 290 664 342 obliquum
683 303 831 330 sensum
852 292 1044 332 temerarie
1063 292 1342 344 detorquentes,

144 360 262 395 Nemo
295 368 385 394 uero
421 368 479 394 me
510 355 707 404 amantior,
741 369 851 395 nemo
887 357 1112 396 reuerentior
1147 356 1344 397 illustrium

143 421 320 468 uirorum,
343 430 392 467 et,
415 420 514 472 quod
533 419 585 460 ait
600 425 720 460 Naso:
739 437 755 457 ι(
773 424 946 473 Quotque
957 421 1111 461 aderant
1121 431 1224 461 uates
1243 421 1347 461 rebar

143 485 271 524 adesse
283 484 403 524 deos»
423 486 455 535 (2
469 498 475 522 ι
489 485 541 535 9).
557 484 611 523 Ad
625 485 870 537 philosophos
882 495 917 525 et
929 485 1089 524 maxime
1099 485 1143 524 ad
1153 486 1348 539 theologos

143 562 250 588 ueros
271 549 390 588 traho.
409 553 531 600 Ipsum
547 562 635 589 uero
655 549 882 589 Aristotilem
901 550 982 599 (nisi
1000 549 1200 589 maximum
1221 563 1350 603 quem-

143 614 227 653 dam
261 614 380 653 uirum
410 613 557 662 scirem,
594 627 668 653 non
701 614 767 654 hec
802 614 975 665 dicerem)
1018 614 1096 654 scio
1127 614 1344 664 maximum,

145 679 223 727 sed,
257 689 297 719 ut
329 678 421 727 dixi,
455 678 660 721 hominem.
687 679 771 719 Scio
805 679 841 718 in
866 679 969 719 libris
1002 680 1081 719 eius
1114 680 1228 719 multa
1252 679 1344 719 disci

144 754 270 792 posse,
294 741 358 780 sed
393 750 429 781 et
457 750 559 780 extra
592 741 677 780 sciri
710 741 852 793 aliquid
890 755 1001 793 posse
1028 741 1154 791 credo,
1177 751 1213 782 et
1240 751 1347 782 ante-

143 818 255 858 quam
299 806 510 846 Aristotiles
551 805 742 855 scriberet,
784 816 981 859 antequam
1026 806 1197 855 disceret,
1238 816 1346 846 ante-

144 884 254 922 quam
298 881 523 919 nasceretur‚
571 871 686 911 multa
730 871 875 923 aliquos
917 871 1032 911 scisse
1077 884 1151 911 non
1199 870 1344 920 dubito,

147 940 347 975 Homerum
378 936 518 987 [219¹'l,
545 935 763 985 Hesiodum,
788 936 1043 989 pithagoram,
1069 940 1346 989 Anaxagoram,

146 1000 414 1050 Democritum,
437 1005 667 1054 Dyogenem,
689 1002 877 1050 Solonem,
901 1005 1103 1050 Socratem,
1127 1010 1162 1041 et
1183 1000 1346 1053 philoso-

147 1065 233 1117 phie
254 1065 458 1117 principem
482 1066 676 1105 Platonem
695 1067 813 1117 (220).

199 1134 243 1170 Et
270 1129 370 1182 quis,
392 1129 573 1182 inquient,
606 1129 855 1182 principatum
880 1131 978 1170 hunc
1003 1131 1150 1171 Platoni
1182 1129 1346 1170 tribuit?

147 1199 193 1235 Ut
219 1207 286 1246 pro
313 1208 370 1234 me
394 1195 654 1247 respondeam,
675 1209 749 1235 non
778 1208 862 1248 ego,
888 1195 951 1235 sed
980 1195 1131 1244 ueritas,
1161 1205 1209 1235 ut
1226 1195 1344 1244 aiunt,

145 1259 213 1299 etsi
240 1273 314 1299 non
334 1260 579 1312 apprehensa,
616 1259 695 1299 uisa
724 1270 849 1300 tamen
876 1260 943 1309 illi,
974 1261 1205 1312 propiusque
1229 1259 1344 1308 adita,

144 1337 255 1376 quam
269 1324 416 1367 ceteris,
435 1324 577 1365 Dehinc
592 1324 716 1378 magni
734 1325 902 1365 tribuunt
919 1335 1090 1365 auctores
1111 1324 1200 1376 (sic),
1220 1324 1348 1364 Cicero

147 1391 182 1439 (2
192 1402 208 1428 2
221 1402 230 1428 1
241 1391 248 1439 )
261 1389 483 1442 primum*et
491 1389 670 1443 Virgilius
681 1394 688 1440 (
698 1402 741 1428 22
751 1391 800 1439 2),
811 1402 886 1429 non
895 1389 955 1430 hic
963 1389 1112 1442 quidem
1121 1388 1349 1429 nominando

144 1453 1348 1507 illum‚sed‘sequend0‚plinius(223)preterea,et1³1otinus(224),

147 1519 326 1571 Apuleius
343 1522 403 1570 (22
416 1521 462 1571 ς),
484 1519 827 1572 Macrobius(226)‚
845 1518 1192 1572 porphirius(227)‚
1211 1524 1353 1559 Censo-

146 1583 248 1623 rinus
268 1586 387 1635 (228),
403 1585 581 1637 Iosephus
601 1586 721 1636 (229),
734 1594 770 1624 et
783 1597 828 1624 ex
842 1584 978 1624 nostris
991 1584 1208 1624 Ambrosius
1225 1584 1347 1636 (230),

146 1649 378 1702 Augustinus
394 1653 450 1701 (23
467 1651 496 1700 ι)
525 1659 562 1690 et
585 1649 787 1689 ieronimus
809 1650 928 1700 (232),
951 1648 1132 1702 multique
1148 1647 1348 1703 alij.Q10d

145 1712 253 1754 facile
271 1715 503 1766 probaretur,
523 1714 594 1754 nisi
617 1714 790 1754 omnibus
812 1724 942 1754 notum
963 1723 1074 1756 esset.
1095 1718 1140 1754 Et
1161 1713 1245 1766 quis
1274 1726 1349 1753 non
1372 1748 1374 1750 .

147 1779 290 1821 tribuit.
332 1779 403 1820 nisi
451 1780 619 1819 insanum
662 1789 697 1819 et
721 1781 925 1819 clamosum
955 1778 1239 1819 scolasticorum
1269 1778 1356 1818 uul-

149 1858 218 1897 gus
236 1845 366 1896 (233)?
395 1850 488 1884 Nam
506 1845 605 1897 quod
629 1844 799 1884 Averrois
819 1843 993 1884 omnibus
1018 1843 1246 1884 Aristotilem
1267 1855 1351 1895 pre-

147 1908 230 1957 fert,
248 1922 292 1948 eo
307 1919 464 1961 spectat,
482 1909 581 1962 quod
596 1909 694 1949 illius
713 1909 826 1949 libros
843 1908 1084 1960 exponendos
1096 1916 1351 1960 assumpserat

150 1984 186 2014 et
222 1974 499 2026 quodammodo
542 1987 629 2014 suos
663 1973 825 2025 fecerat;
863 1973 926 2026 qui
967 1985 1192 2025 quamquam
1232 1972 1350 2012 multa

154 2039 263 2079 laude
283 2039 386 2093 digni
407 2039 497 2088 sint,
519 2048 716 2091 suspectus
736 2049 860 2078 tamen
885 2048 942 2078 est
965 2037 1148 2079 laudator.
1175 2037 1231 2076 Ad
1251 2036 1354 2076 anti-

150 2116 265 2155 quum
286 2117 420 2157 nempe
439 2104 677 2157 prouerbium
699 2117 756 2143 res
777 2103 871 2144 redit
887 2104 1012 2155 (234):
1034 2112 1255 2142 mercatores
1273 2114 1353 2141 om-

187 2254 202 2269 *
225 2258 263 2284 La
284 2253 402 2294 syllabe
417 2262 481 2284 cero
498 2260 527 2284 et
547 2253 575 2285 le
591 2260 654 2284 mot
670 2253 796 2293 primum
816 2259 886 2284 sont
907 2251 996 2283 ecrits
1015 2254 1068 2282 sur
1084 2261 1124 2282 un
1145 2256 1296 2292 grattage.
