1494 2600
677 196 889 247 „33—

183 285 369 336 excipere,
393 285 532 325 oblitus
562 298 680 325 rerum
701 285 880 332 omnium,
910 285 980 325 nisi
1002 285 1162 333 illorum,
1185 286 1248 338 qui
1266 295 1387 326 totum

183 349 346 388 animum
372 349 608 402 occupabant
629 360 663 390 et
689 349 790 389 miris
809 350 1030 390 serenabant
1053 350 1173 390 modis
1195 351 1310 401 (108).
1334 351 1387 390 1bi

184 413 394 462 confestim,
418 424 457 454 ut
494 414 589 454 inter
613 414 768 463 amicos,
801 415 915 455 multa
941 424 978 454 et
1008 414 1154 454 diuersa
1183 415 1384 467 colloquia.

187 478 297 517 Michi
310 488 433 518 autem
446 479 656 519 nichilcure
667 492 749 519 esse
759 479 917 531 qualiter
934 492 996 519 seu
1011 479 1101 531 quid
1125 479 1299 528 dicerem,
1323 493 1386 520 seu

185 542 337 582 omnino
360 543 476 593 aliud,
498 557 609 597 quam
633 555 673 585 ut
697 545 767 584 ieta
788 543 888 584 frons
909 544 1107 597 le*tiorque
1125 545 1270 585 animus
1291 555 1390 585 esset

185 606 314 647 talium
337 609 525 661 hospitum
540 610 719 658 aduentu,
738 609 787 649 ita
805 619 846 649 ut
865 609 1048 649 interdum
1061 609 1199 662 gaudio
1217 610 1253 649 in
1273 610 1388 650 silen-

184 671 276 712 tium
297 685 449 727 cogerer
471 675 588 726 (109l‚
612 674 796 714 interdum
820 674 1024 714 reuerentia
1042 674 1217 726 quadam,
1235 687 1281 714 ne
1295 687 1388 714 con-

186 749 311 786 cursu,
335 748 374 778 ut
394 737 447 787 fit,
472 739 650 791 loquendi
674 740 809 779 auidos
832 738 1065 791 impedirem,
1085 748 1122 779 et
1144 752 1243 779 nunc
1261 738 1390 787 nichil,

186 814 284 842 nunc
308 803 476 855 uulgaria
504 804 685 856 loquerer.
714 803 836 844 Nichil
860 804 956 843 enim
985 803 1021 842 in
1047 803 1222 854 amicitijs
1248 816 1395 843 comere

187 866 315 916 didici,
328 867 440 907 nichil
452 868 700 918 dissimulare,
715 868 828 908 nichil
841 868 994 922 fingere,
1009 868 1074 908 sed
1090 867 1126 907 in
1143 868 1266 921 lingua
1281 878 1394 920 atque

188 929 224 969 in
244 930 364 972 fronte
385 933 549 972 animum
573 933 719 982 habere,
744 946 863 985 neque
882 933 989 973 aliter
1008 945 1093 972 cum
1113 933 1259 982 amicis,
1280 946 1391 985 quam

188 1008 330 1035 mecum
350 999 429 1048 ipse
447 997 548 1049 loqui
569 999 694 1037 omnia
709 1000 735 1049 (ι
755 999 808 1046 ιο)
827 1012 836 1048 ;
854 1011 943 1050 quo,
966 1006 1006 1037 ut
1033 997 1086 1037 ait
1119 997 1247 1037 Cicero
1267 1001 1296 1048 (ι
1315 1010 1323 1036 ι
1341 999 1388 1045 ll,
1439 1046 1441 1049 ι

187 1060 300 1100 nichil
325 1071 380 1101 est
403 1062 563 1102 dulcius.
595 1063 691 1117 Qid
720 1062 818 1102 enim
848 1072 1034 1103 ostentare
1055 1062 1186 1102 amicis
1210 1063 1390 1113 eloquen-

188 1124 276 1164 tiam
299 1137 362 1167 aut
386 1127 578 1167 scientiam
609 1141 704 1179 opus
735 1137 805 1171 est,
838 1127 901 1179 qui
925 1127 1105 1176 animum,
1135 1127 1197 1179 qui
1223 1127 1389 1175 affectus,

188 1191 263 1241 qui>
279 1191 468 1245 ingenium
490 1192 612 1244 ipsum
637 1193 794 1233 uident?
814 1192 894 1232 Nisi
914 1192 1009 1232 forte
1035 1191 1176 1244 aliquid
1205 1204 1278 1231 non
1307 1200 1392 1231 ten-

162 1255 304 1304 candi,
341 1257 404 1296 sed
442 1257 609 1297 discendi
646 1257 764 1311 gratia
802 1257 1020 1309 quesierint.
1050 1256 1120 1298 Ubi
1139 1266 1282 1304 *tamen
1325 1269 1394 1296 nec

191 1321 392 1361 ostentatio
412 1323 486 1361 ulla
513 1335 581 1362 nec
604 1331 757 1362 ornatus
777 1321 952 1375 exigitur,
979 1322 1042 1361 sed
1071 1321 1191 1361 fidelis
1220 1331 1259 1361 ut
1292 1321 1395 1372 [reli-

189 1397 345 1436 quorum
373 1386 614 1437 omnium]**‚
642 1387 695 1427 sic
719 1386 876 1427 scientie
895 1385 1150 1439 participatio,
1166 1385 1398 1437 exceptionis

191 1462 322 1501 expers
346 1461 382 1491 et
411 1451 566 1493 inuidie.
590 1457 717 1504 Itaque
746 1465 836 1504 sepe
863 1451 975 1491 miror
995 1455 1165 1491 Cesarem
1188 1455 1396 1503 Augustum

191 1524 333 1555 tantum
362 1515 566 1568 principem
594 1526 734 1556 tantam
755 1525 830 1555 tam
856 1516 990 1568 exigue
1011 1514 1060 1555 rei
1082 1528 1208 1555 curam
1229 1515 1323 1555 inter
1342 1523 1398 1554 tot

193 1580 434 1620 maximarum
459 1594 580 1621 rerum
605 1594 712 1621 curas
731 1580 824 1620 alias
844 1580 1031 1633 suscipere
1057 1579 1239 1632 potuisse,
1263 1588 1303 1619 ut
1322 1591 1396 1618 non

194 1646 305 1685 modo
324 1646 369 1685 ad
392 1647 571 1698 populum
595 1656 659 1686 aut
679 1656 847 1686 senatum
872 1658 936 1684 seu
969 1644 1015 1684 ad
1050 1644 1199 1693 milites,
1226 1644 1290 1684 sed
1312 1656 1395 1683 cum

193 1723 307 1750 uxore
329 1710 445 1751 etiam
461 1721 574 1763 atque
599 1711 730 1751 amicis
750 1710 800 1750 nil
824 1710 895 1750 nisi
915 1708 1118 1750 deliberate
1145 1718 1182 1749 et
1205 1709 1333 1749 crebro
1359 1708 1397 1747 in

164 1803 166 1805 -
189 1775 345 1828 scriptis
361 1777 570 1828 loqueretur
584 1779 612 1827 (1
630 1778 703 1825 12).
720 1775 821 1815 Fecit
834 1775 905 1815 hoc
917 1774 1086 1823 forsitan,
1101 1787 1148 1814 ne
1160 1773 1250 1826 quid
1265 1786 1397 1826 super-

195 1852 354 1880 uacuum
386 1851 450 1881 aut
481 1840 663 1880 insulsum
698 1853 786 1880 casu
822 1839 951 1892 aliquo
981 1838 1051 1879 sibi
1089 1837 1290 1887 excideret,
1324 1850 1399 1890 quo

196 1906 343 1946 celestis
367 1906 486 1946 oratio
507 1904 725 1958 reprehendi
747 1913 877 1957 posset
903 1913 967 1944 aut
990 1903 1128 1957 sperni.
1153 1902 1315 1943 Licuerit
1331 1901 1402 1942 hoc

199 1970 251 2010 illi
285 1984 431 2010 summo
461 1971 507 2010 de
540 1970 701 2010 culmine
731 1963 901 2010 subditos
930 1967 1079 2021 scriptis
1111 1966 1401 2014 uelut„0raculis

199 2035 418 2087 alloquenti.
442 2035 551 2075 Michi
571 2045 695 2075 autem
720 2047 841 2075 sermo
864 2046 982 2087 uagus
1005 2033 1100 2074 inter
1117 2032 1259 2072 amicos
1281 2031 1399 2072 inela-

237 2193 250 2207 *
274 2194 334 2225 Fol.
362 2202 390 2225 11
413 2196 452 2225 ΓΟ.

238 2240 265 2255 *’
286 2245 338 2271 Les
357 2248 434 2272 mots
451 2247 534 2272 entre
549 2241 684 2271 crochets
700 2246 770 2270 sont
787 2238 877 2270 ecrits
894 2247 946 2269 sur
962 2247 1002 2268 un
1018 2243 1167 2279 gratrage.
