1494 2600
0 591 2 594 ⁴
0 431 11 574 v-wv‘Y-s·
6 414 10 415 ,

146 290 436 331 comminatione
452 291 653 340 deterrens,
677 303 724 330 ne
749 300 932 331 secretum
960 303 1068 330 suum
1096 289 1267 330 intimum
1291 302 1356 329 au-

145 355 250 396 deret
271 355 456 408 inquirere
477 365 542 396 aut
565 355 650 395 sciri
671 368 783 407 posse
803 364 1045 407 presumeret.

200 421 269 460 Sed
304 421 350 460 ad
391 419 618 461 Aristotilem
661 430 905 467 reuertamur,
954 419 1060 460 cuius
1081 420 1099 438 *
1154 419 1357 472 splendore

146 483 270 538 lippos
287 495 398 538 atque
418 484 582 525 infirmos
599 485 871 538 perstringente
890 485 1019 525 oculos
1041 485 1146 525 multi
1166 485 1238 524 iam
1258 497 1359 525 erro-

146 549 196 590 ris
210 549 246 590 in
261 549 389 590 foueas
407 551 502 602 lapsi
521 560 621 592 sunt.
645 550 730 591 Scio
750 550 892 590 enim**
919 550 1098 591 unitatem
1123 550 1357 602 principatus

147 615 333 667 posuisse,
347 628 458 667 quam
477 615 548 655 iam
560 625 647 656 ante
660 625 834 668 posuerat
851 621 1032 655 Homerus
1046 616 1074 668 (ι
1089 615 1147 665 26)
1165 629 1173 664 ;
1190 615 1244 655 sic
1258 615 1356 654 enim

147 679 212 730 ait,
233 690 413 732 quantum
436 680 543 720 nobis
564 680 601 720 in
621 681 778 721 latinum
801 681 922 721 soluta
943 679 1112 720 oratione
1134 680 1355 720 translatum

146 753 205 785 est
226 758 234 784 :
262 749 346 785 Non
370 745 509 785 bonurn
532 745 940 786 multidofflminium:
967 758 1061 784 unus
1092 744 1267 785 dominus
1291 745 1353 793 sit,

147 821 243 849 unus
263 809 477 862 imperator.
505 815 577 850 Iste
595 820 719 850 autern
742 824 749 850 :
775 810 975 850 Pluralitas
987 810 1264 862 principatuum
1280 822 1356 849 non

148 873 259 924 bona,
272 887 368 915 unus
383 888 470 929 ergo
484 875 671 928 princeps.
690 875 759 915 Sed
780 875 841 915 ille
858 876 1073 924 humanum,
1092 875 1151 914 hic
1165 874 1353 921 diuinum,

149 938 212 979 ille
244 943 457 989 Grecorum,
490 940 560 981 iste
592 940 759 980 omnium
786 940 1052 992 principatum,
1082 940 1144 979 ille
1170 939 1355 987 Atridem,

149 1002 209 1044 hic
235 1008 353 1044 Deum
380 1004 586 1057 principem
616 1005 816 1052 statuebat,
840 1018 1004 1057 eousque
1033 1004 1103 1045 sibi
1133 1003 1209 1044 ueri
1235 1003 1358 1057 fulgor

149 1067 349 1110 illustrauit
366 1069 548 1112 animum.
573 1071 665 1125 Quis
686 1070 745 1110 hic
762 1069 949 1122 princeps,
972 1070 1156 1122 qualisue,
1181 1079 1217 1110 et
1237 1082 1356 1122 quan-

148 1141 221 1184 tus,
240 1134 405 1174 nescisse
417 1147 516 1184 eum,
537 1144 573 1175 et
589 1135 652 1188 qui
675 1135 789 1175 multa
810 1135 856 1174 de
877 1134 1040 1174 minimis
1061 1135 1209 1174 curiose
1229 1134 1359 1174 admo-

147 1197 236 1238 dum
256 1198 496 1252 disputasset,
522 1213 634 1239 unum
657 1200 728 1239 hoc
749 1209 784 1240 et
805 1199 1006 1239 maximum
1024 1213 1098 1239 non
1119 1199 1259 1239 uidisse
1279 1211 1356 1239 cre-

146 1262 318 1314 diderim,
336 1264 439 1316 quod
462 1264 634 1305 viderunt
655 1264 760 1304 multi
786 1264 974 1305 literarum
993 1264 1125 1316 nescij‚
1153 1264 1358 1316 uidentque

147 1328 229 1368 luce
254 1340 330 1369 non
363 1329 492 1378 altera,
527 1343 654 1370 uerum
687 1330 794 1370 aliter
828 1329 1050 1371 illustrante.
1092 1330 1207 1382 quue
1243 1328 1356 1369 amici

147 1392 209 1434 isti
229 1393 299 1433 mei
323 1393 374 1434 ita
394 1407 477 1434 esse
498 1395 527 1434 si
549 1408 623 1435 non
650 1395 791 1452 uident,
817 1408 925 1435 cecos
951 1408 1022 1448 ego
1054 1395 1138 1435 illos
1169 1395 1357 1446 planeque

147 1459 363 1499 exoculatos
383 1472 465 1499 esse
487 1460 613 1509 uideo,
635 1469 671 1500 et
691 1460 744 1500 sic
765 1460 938 1500 omnibus
953 1460 1085 1508 uideri,
1103 1459 1240 1512 quibus
1257 1458 1357 1499 oculi

147 1523 226 1563 sani
247 1523 334 1573 sint,
361 1537 435 1564 non
456 1524 576 1578 magis
593 1524 846 1575 hesitauerim,
871 1538 983 1577 quam
1005 1525 1244 1578 smaragdum
1269 1524 1356 1579 uiri7

146 1587 247 1637 dem,
269 1589 393 1629 niuem
415 1590 626 1639 candidam,
650 1602 804 1630 coruum
825 1590 988 1643 nigrum.
1358 1591 1388 1629 ,ἤ

201 1658 322 1706 thue
343 1652 537 1694 audaciam
565 1668 684 1695 meam
717 1654 951 1708 equanimius
985 1655 1211 1695 Aristotelici
1240 1654 1357 1695 nostri

146 1717 277 1768 ferant,
301 1732 376 1759 non
396 1719 443 1759 de
462 1732 536 1760 uno
550 1729 693 1760 tantum
715 1720 765 1760 ita
779 1720 913 1769 sentio,
928 1720 997 1760 etsi
1015 1734 1130 1760 unum
1148 1719 1355 1762 nominem.

149 1787 263 1836 Lego,
276 1785 448 1836 quamuis
462 1785 651 1838 ignorans,
663 1794 699 1825 et
712 1795 911 1838 antequam
925 1785 984 1826 isti
997 1795 1163 1825 nostram
1178 1785 1356 1838 ignoran-

147 1848 236 1889 tiam
256 1849 821 1903 deprehendissent,intelligere
836 1850 976 1903 aliquid
993 1850 1160 1890 uidebar.
1175 1855 1290 1903 Lego,
1304 1849 1359 1889 in-

147 1925 275 1965 quam,
304 1914 368 1954 sed
405 1913 643 1954 uiridioribus
674 1914 781 1955 annis
815 1915 994 1955 attentius
1018 1915 1202 1969 legebam.
1227 1914 1359 1954 Adhuc

149 1986 274 2017 tamen
302 1988 495 2030 poetarum
517 1989 554 2019 et
581 1979 889 2032 philosophorum
912 1979 1026 2020 libros
1051 1980 1149 2033 lego,
1166 1978 1359 2020 Ciceronis

147 2050 236 2082 ante
254 2043 361 2092 alios,
381 2043 488 2083 cuius
508 2043 677 2096 apprime
687 2053 723 2084 et
737 2044 889 2098 ingenio
900 2054 935 2085 et
948 2044 1034 2085 stilo
1045 2057 1192 2097 semper
1206 2044 1255 2084 ab
1272 2044 1363 2084 ado-

189 2147 204 2162 '
224 2148 302 2180 cuius
320 2158 373 2180 sur
397 2159 438 2181 un
457 2156 606 2192 grattage.

191 2194 219 2210 *⁸
239 2196 314 2227 enim
334 2206 386 2228 sur
405 2206 446 2228 un
462 2204 610 2239 grattage.

192 2242 234 2260 *¹⁸
257 2243 321 2276 Fol.
347 2252 378 2284 13
401 2247 444 2276 νο.
