1494 2600
692 240 904 279 -50-

196 326 346 357 natione
373 316 533 368 quadam
567 317 707 356 moueri
735 316 874 369 aliquid
908 316 1077 357 uidemus
1109 327 1149 357 ut
1177 330 1336 370 speram,
1359 329 1401 359 ut

197 382 317 429 horas,
349 391 390 421 ut
419 381 489 421 alia
518 383 714 433 permulta,
737 394 812 421 non
840 382 1054 421 dubitamus
1082 382 1172 434 quin
1201 382 1262 423 illa
1288 396 1413 436 opera.

197 447 270 486 sint
292 446 476 486 rationis?
500 451 590 486 Cum
625 456 747 486 autem
775 447 953 498 impetum
985 447 1053 486 celi
1083 447 1292 488 admirabili
1313 461 1396 488 cum

196 511 385 551 celeritate
407 511 546 551 moueri
567 511 735 563 uertique
756 511 948 550 uideamus
965 511 1266 552 constantissime
1285 513 1397 552 confi-

196 576 354 616 cientem
382 576 658 616 uicissitudines
689 576 972 624 anniuersarias,
996 588 1079 615 cum
1118 589 1261 616 summa
1281 578 1400 617 salute

196 653 315 680 rerum
354 641 535 689 omnium,
559 641 773 680 dubitamus
793 640 884 692 quin
924 653 966 679 ea
997 653 1072 680 non
1104 641 1224 680 solum
1257 642 1399 682 ratione

196 705 298 753 fiant,
331 705 393 744 sed
428 705 539 745 etiam
575 704 770 744 excellenti
800 704 959 757 quadam
991 704 1192 757 diuinaque
1226 706 1401 746 ratione?

198 770 300 810 Licet
341 770 453 818 enim,
485 769 558 808 iam
599 779 738 810 remota
780 769 986 809 subtilitate
1020 769 1251 821 disputandi,
1282 771 1399 811 oculis

195 834 473 885 quodammodo
514 834 756 885 contemplari
796 833 1082 886 pulcritudinem
1118 847 1243 873 earum
1280 848 1399 875 rerum

195 912 288 951 quas
305 899 432 938 diuina
451 899 685 951 prouidentia
705 899 864 938 dicimus
882 898 1120 940 constitutas.
1153 913 1173 937 »

251 964 381 1011 Audis,
413 964 546 1012 amice,
575 964 675 1016 quod
707 963 954 1016 predixeram,
990 977 1066 1003 non
1097 964 1202 1016 quasi
1233 965 1400 1017 philoso-

196 1029 310 1081 phum
341 1030 568 1081 loquentem,
604 1029 667 1069 sed
697 1029 926 1081 apostolum.
960 1029 1056 1083 Qid
1087 1029 1186 1068 enim
1209 1030 1310 1070 aliud
1331 1031 1398 1071 tibi

180 1107 327 1151 ⁸sonare
346 1094 519 1134 uidentur
540 1094 607 1134 hec
627 1093 749 1133 omnia
771 1104 807 1133 et
828 1094 989 1147 singula,
1011 1106 1123 1145 quam
1149 1095 1399 1146 apostolicum

196 1159 285 1198 illud
306 1159 351 1198 ad
376 1164 564 1198 Romanos
580 1161 680 1210 (146)
703 1173 710 1197 1
737 1174 756 1197 <‹
781 1164 879 1198 Deus
900 1159 998 1198 enim
1020 1158 1271 1199 manifestauit
1296 1160 1369 1200 illis
1388 1176 1399 1212 ;

195 1224 397 1264 inuisibilia
418 1224 516 1263 enim
541 1224 658 1276 ipsius
678 1236 699 1262 a
721 1234 888 1264 creatura
910 1224 1036 1263 mundi
1063 1237 1128 1275 per
1147 1237 1190 1264 ea
1210 1238 1282 1277 que
1300 1225 1398 1266 facta

195 1299 282 1329 sunt
311 1289 500 1329 intellecta
533 1288 842 1341 conspiciuntur3
877 1289 1101 1341 sempiterna
1135 1302 1286 1342 quoque
1318 1291 1399 1331 eius

195 1353 312 1393 uirtus
341 1366 385 1393 ac
414 1353 606 1402 diuinitas,
638 1353 687 1393 ita
717 1363 758 1394 ut
778 1353 852 1393 sint
881 1353 1169 1403 inexcusabiles,
1191 1355 1279 1406 quia
1313 1355 1399 1395 cum

195 1419 460 1471 cognouissent
479 1423 612 1467 Deum,
631 1431 705 1457 non
720 1428 760 1458 ut
776 1423 893 1458 Deum
909 1418 1211 1471 glorificauerunt
1229 1429 1295 1460 aut
1311 1433 1398 1474 gra-

194 1483 263 1523 tias
284 1493 452 1537 egerunt,
471 1484 535 1523 sed
549 1493 776 1523 euanuerunt
791 1483 827 1522 in
839 1483 1130 1536 cogitationibus
1141 1484 1358 1537 suis?(i47)
1375 1499 1395 1524 »

195 1549 307 1603 Qiid,
331 1562 462 1601 queso,
492 1548 591 1588 aliud
623 1548 693 1588 sibi
724 1549 805 1588 uult
835 1549 977 1598 Cicero,
1007 1548 1171 1588 totiens*
1195 1550 1397 1601 repetendo

194 1613 371 1653 mundum
383 1613 509 1652 diuina
525 1613 757 1665 prouidentia
773 1613 1032 1662 constitutum,
1049 1613 1175 1653 diuina
1188 1614 1298 1654 etiam
1312 1627 1395 1666 pro-

193 1678 356 1718 uidentia
371 1678 700 1732 gubernari(148l,
718 1678 830 1730 idque
854 1678 955 1718 uelut
968 1676 1093 1733 manu,
1111 1676 1251 1733 lingue,
1274 1679 1394 1718 oculis

193 1743 383 1783 hominum
405 1743 619 1795 ingerendo,
642 1743 712 1782 nisi
727 1752 774 1798 ut
790 1753 941 1783 auctore
957 1733 1027 1794 (εἷς’)
1051 1734 1095 1783 ac
1110 1743 1250 1783 factore
1273 1757 1393 1784 rerum

192 1809 356 1862 cognito,
377 1808 531 1861 puderet
555 1807 655 1847 uiros
681 1808 908 1860 ingeniosos,
928 1821 948 1847 a
969 1808 1070 1848 fonte
1098 1821 1184 1848 uere
1203 1808 1395 1849 felicitatis

191 1886 356 1922 auersos,
375 1887 441 1926 per
461 1873 679 1926 opinionum
701 1873 809 1913 deuia
831 1874 935 1913 uanis
951 1883 1065 1926 atque
1084 1873 1197 1914 aridis
1215 1874 1394 1928 cogitati-

191 1938 260 1978 bus
275 1938 616 1978 circumuolui**?›>
635 1942 772 1978 Posses
785 1948 907 1978 autem
923 1938 1110 1988 admirari,
1124 1938 1160 1978 ni
1175 1951 1234 1978 me
1247 1951 1393 1989 nosses,

189 2004 290 2056 quod
309 2016 329 2042 a
354 2004 533 2043 Cicerone
561 2003 624 2042 uix
642 2002 800 2043 diuellor
816 2003 917 2055 (149)
940 2017 949 2054 3
968 2003 1022 2043 sic
1045 2016 1104 2042 me
1123 2003 1213 2043 illud
1234 2003 1396 2044 delectat

189 2069 396 2121 ingenium.
422 2073 515 2108 Ecce
545 2081 645 2107 nunc
676 2081 796 2108 rerum
832 2068 983 2120 stilique
1011 2068 1208 2108 dulcedine
1229 2068 1394 2121 quadam

228 2180 242 2195 *
265 2182 330 2212 Fol.
359 2190 366 2211 i
418 2189 456 2211 το.

227 2228 255 2242 *⁸*
276 2190 413 2269 Apres71e
438 2228 522 2267 point
541 2238 579 2259 on
601 2228 663 2259 voit
681 2238 720 2258 un
743 2228 829 2269 signe
848 2228 900 2268 qui
917 2227 1041 2268 indique
1060 2227 1209 2269 peut-&tre
1229 2238 1288 2259 une
1302 2237 1396 2268 ponc-

187 2276 302 2307 tuation
321 2276 389 2315 plus
404 2275 494 2306 forte.
