1494 2600
671 215 874 253 —23-

168 294 352 343 inuident‚
377 294 762 348 quantulumcumque
784 302 856 344 est,
874 305 1026 339 nomen,
1049 301 1085 332 et
1107 291 1203 332 hanc
1222 290 1378 340 famam,

167 373 241 413 que
260 360 402 400 uiuenti
418 359 535 399 maior
552 359 707 399 forsitan
725 371 836 411 quam
858 371 925 410 pro
942 357 1084 398 meritis
1098 367 1162 398 aut
1184 370 1251 409 pro
1271 369 1382 397 com-

168 424 270 464 muni
286 437 387 465 more
402 423 552 478 obtigit,
566 423 630 476 qui
650 436 798 476 perraro
810 423 919 463 uiuos
939 422 1105 462 celebrat
1124 422 1234 473 (43)*.
1254 427 1291 462 In
1312 421 1383 461 hoc

165 489 219 530 illi
242 489 415 542 obliquos
435 489 595 529 defixere
619 489 763 538 oculos,
786 502 862 541 quo
884 497 920 528 et
947 500 1046 527 nunc
1068 497 1103 527 et
1126 498 1216 539 sepe
1235 487 1379 527 utinam

165 555 366 595 caruissem
386 569 396 605 ;
420 554 584 595 crebrius
605 555 702 594 enim
726 554 863 594 damno
887 553 922 593 id
941 552 1090 592 memini
1113 552 1226 592 michi
1249 551 1380 601 fuisse,

163 633 276 672 quam
306 621 404 670 usui,
446 632 607 672 cumque
638 633 713 659 non
747 631 886 671 paucos
920 618 1030 658 michi
1061 617 1190 658 fecerit
1221 618 1382 678 amicos,

163 685 289 726 hostes
317 684 406 725 fecit
436 685 665 733 innumeros,
690 693 726 724 et
756 684 807 724 ita
838 683 949 723 michi
983 683 1136 732 accidit,
1162 691 1203 722 ut
1232 682 1288 722 his
1317 685 1382 735 qul

162 749 300 804 insigni
327 749 486 798 casside,
530 749 672 789 uiribus
703 748 800 788 haud
838 748 983 802 magnis
1014 748 1050 788 in
1081 760 1247 801 pugnam
1275 757 1378 794 eunt,

161 814 297 868 quibus
315 815 363 855 nil
386 814 486 854 aliud
508 814 670 854 chimere
690 813 814 868 fulgor
834 823 991 866 prestat,
1014 813 1085 852 nisi
1108 822 1149 853 ut
1167 826 1187 851 a
1209 811 1380 865 pluribus

160 879 352 921 feriantur.
379 885 455 919 Hec
479 879 591 920 michi
613 879 701 919 olim
724 879 840 932 pestis
862 891 1041 931 perquam
1061 877 1256 918 familiaris
1281 877 1375 917 uiri-

135 944 328 984 'dioribus
347 945 457 984 annis
485 944 569 993 fuit,
596 957 787 997 nunquam
815 957 903 983 uero
924 943 1135 999 molestior,
1159 955 1273 995 quam
1304 956 1381 995 que

163 1022 263 1050 nunc
300 1010 451 1060 exarsit,
492 1010 592 1062 quod
636 1019 671 1049 et
710 1023 780 1062 ego
817 1009 1012 1048 delicatior
1049 1008 1221 1048 ineundis
1268 1008 1376 1048 bellis

165 1074 394 1114 iuuenilibus
421 1087 466 1114 ac
497 1075 636 1114 talibus
663 1074 867 1114 subeundis
896 1073 1086 1122 oneribus,
1119 1083 1155 1113 et
1185 1074 1247 1114 illa
1278 1073 1376 1113 unde

163 1147 232 1180 nec
263 1152 404 1180 mereor
441 1153 509 1179 nec
541 1141 708 1188 uerebar,
741 1149 777 1179 et
808 1139 960 1192 quando
995 1139 1053 1178 uel
1087 1139 1179 1178 meis
1210 1138 1377 1178 moribus

162 1204 260 1245 uicta
285 1205 342 1244 uel
363 1217 434 1244 euo
459 1205 531 1244 iam
555 1214 777 1257 consumpta
808 1218 890 1244 esse
911 1204 1105 1252 debuerat,
1139 1203 1293 1256 inopina
1316 1216 1375 1243 re-

160 1269 340 1311 nascitur.

214 1333 283 1374 Sed
317 1334 548 1388 progredior.
590 1334 764 1388 Cogitant
798 1347 838 1374 se
870 1347 1040 1394 magnos,
1073 1344 1109 1374 et
1140 1344 1226 1374 sunt
1264 1334 1379 1385 plane

159 1412 289 1439 omnes
300 1399 452 1449 diuites3
464 1413 537 1452 que
548 1412 646 1439 nunc
658 1412 729 1439 una
748 1399 968 1439 mortalibus
981 1399 1200 1452 magnitudo
1210 1409 1267 1439 est
1281 1400 1356 1450 (44)
1367 1430 1375 1438 .

160 1461 346 1513 sentiunt,
372 1463 440 1504 etsi
468 1465 504 1504 in
529 1464 599 1504 boc
623 1465 727 1504 multi
752 1478 835 1511 sese
862 1464 1004 1512 fallant,
1038 1465 1180 1503 nullum
1209 1464 1279 1504 sibi
1311 1476 1379 1503 no-

160 1541 244 1568 men
273 1539 418 1581 partum
437 1531 530 1581 (4ς),
563 1530 720 1578 nullum,
752 1530 783 1570 si
807 1529 876 1570 rite
908 1530 1138 1583 presagium,
1166 1539 1375 1581 speratum.

162 1598 237 1634 Has
265 1595 360 1634 inter
385 1607 491 1634 curas
517 1595 616 1646 anxij
648 1595 859 1644 tabescunt,
890 1605 926 1635 et
954 1605 1095 1647 quanta
1116 1595 1173 1634 uis
1195 1594 1282 1634 mali
1303 1604 1374 1640 est,

160 1658 278 1699 rabidi
313 1659 416 1699 uelut
450 1672 575 1709 canes,
612 1660 648 1700 in
678 1660 820 1700 amicos
853 1673 1006 1713 quoque
1046 1660 1194 1713 linguas
1223 1659 1380 1700 exerunt

158 1723 366 1776 dentesque
390 1735 547 1775 acuunt,
578 1725 851 1778 uulnerantque
877 1739 973 1778 quos
1003 1725 1180 1778 diligunt.
1205 1730 1376 1780 Quenam

109 1832 113 1833 ⁷
162 1788 230 1828 hec
260 1789 430 1830 cecitas?
461 1789 633 1842 quisnam
666 1790 796 1830 furor?
832 1795 964 1830 Nonne
997 1790 1094 1830 enim
1116 1790 1170 1830 sic
1204 1800 1240 1830 et
1274 1795 1375 1830 Pen-

160 1853 286 1894 theum
304 1854 379 1906 (46)
405 1854 530 1894 furens
563 1865 680 1895 mater
701 1856 852 1904 lacerat,
881 1865 917 1895 et
939 1856 1120 1895 Hercules
1140 1858 1214 1907 (47)
1240 1868 1377 1908 paruos

162 1918 300 1958 natos?
331 1923 467 1959 Amant
493 1919 554 1959 isti
582 1933 640 1959 me
675 1930 711 1960 et
741 1933 820 1960 mea
845 1919 985 1968 omnia,
1009 1930 1131 1972 preter
1156 1933 1269 1960 unum
1302 1933 1376 1960 no-

164 1995 263 2032 men,
291 1983 390 2035 quod
418 1993 560 2024 mutare
579 1997 654 2024 non
676 1997 802 2033 renuo,
827 1995 867 2025 ut
887 1985 1163 2036 Thersitesl48)
1191 1985 1294 2025 dicar
1312 1995 1377 2025 aut

166 2047 333 2088 cherilus
345 2051 436 2101 (49l,
458 2050 516 2089 uel
532 2050 561 2088 si
577 2049 665 2102 quid
682 2050 780 2090 aliud
798 2050 954 2094 malunt,
972 2050 1002 2090 si
1020 2051 1078 2090 uel
1097 2050 1151 2090 sic
1164 2050 1375 2100 obtineam,

165 2124 211 2152 ne
230 2124 303 2164 qua
325 2112 373 2153 sit
392 2113 540 2165 penitus
560 2123 636 2153 tam
661 2113 806 2154 honesti
834 2114 971 2154 amoris
997 2114 1183 2167 exceptio.
1215 2119 1267 2154 Eo
1288 2127 1377 2154 uero

209 2251 224 2267 ⁸
246 2254 308 2285 Fol.
328 2264 346 2294 4
364 2259 407 2286 r0.
