1494 2600
708 219 922 263 ’‘⁶4‘-

213 310 361 350 repente
381 299 491 338 exciti
509 309 595 338 ante
618 297 903 342 innumerabilia
922 300 1044 338 secula
1069 296 1350 342 dormierunt?
1381 302 1419 342 ui

212 363 281 402 hoc
299 363 541 416 interrogant,
562 375 635 402 non
654 363 864 410 attendunt,
888 363 918 402 si
937 374 1023 403 ante
1045 374 1194 404 centum
1214 365 1328 414 milia,
1357 368 1416 407 uel

210 427 297 479 quia
319 427 353 466 id
370 440 521 479 quoque
539 427 638 479 apud
659 427 819 466 Tullium
838 426 1018 478 scriptum
1043 438 1098 468 est
1122 429 1242 480 (198),
1266 430 1419 471 Babilo—

211 492 292 531 nios
312 492 584 545 quadringenta
613 491 850 544 septuaginta
873 504 1054 531 annorum
1079 492 1178 533 milia
1210 507 1416 545 numerare,

209 565 299 595 ante
327 557 394 596 hec
424 556 547 596 omnia
577 570 639 595 seu
663 557 780 595 multo
803 557 907 608 plura
936 556 1054 596 mi*lia
1076 556 1198 598 factus
1229 568 1327 599 esset
1359 547 1420 600 hic

211 621 385 667 mundus,
413 621 447 660 id
471 621 593 672 ipsum
621 620 790 660 similiter
819 621 922 672 queri
948 634 1072 673 posse,
1102 635 1168 662 cur
1195 636 1270 663 non
1299 624 1416 676 prius,

211 699 294 726 cum
323 686 424 725 mille
443 699 625 725 annorum
657 686 757 725 milia
787 685 934 726 infinito
960 687 1095 726 collata
1115 687 1228 727 nichil
1257 689 1420 741 amplius

209 764 321 803 quam
358 750 513 790 totidem
552 751 631 790 dies
663 751 751 799 sint,
787 750 935 790 dicente
969 752 1260 805 psalmographo
1296 755 1415 805 (¹99l2

214 831 234 855 <‹
250 815 434 870 Quoniam
451 815 552 855 mille
565 816 652 855 anni
671 826 757 855 ante
777 816 906 855 oculos
923 826 1007 855 tuos
1026 826 1216 868 tamquam
1237 818 1317 858 dies
1336 819 1419 858 hes-

212 892 316 921 terna
343 893 415 933 que
436 881 602 932 preterijt
624 895 643 918 »
663 894 673 930 ;
698 881 756 920 vel
781 881 897 920 multo
918 881 1029 920 etiam
1054 881 1190 931 minus,
1214 895 1277 922 seu
1295 883 1418 923 uerius
1462 893 1465 896 ⁴

211 947 261 985 nil
290 946 453 998 penitus.
488 946 604 986 Unius
633 946 730 985 enim
761 946 848 994 diei,
879 947 936 985 uel
963 946 1072 985 unius
1102 946 1205 996 hore,
1238 947 1285 987 ad
1318 948 1420 988 mille

209 1024 329 1050 annos
347 1011 425 1050 siue
436 1011 481 1049 ad
495 1011 595 1050 mille
608 1011 707 1050 milia
721 1023 914 1058 annorum,
933 1010 1029 1051 sicut
1044 1012 1155 1051 unius
1169 1012 1301 1065 exigue
1321 1013 1419 1052 stille

211 1076 282 1115 leui
296 1076 412 1115 imbre
431 1076 582 1127 delapse
596 1076 640 1114 ad
663 1089 809 1115 omnem
831 1080 1058 1125 occeanum,
1080 1086 1266 1129 cuntaque
1288 1077 1416 1125 maria,

211 1154 275 1192 per
289 1154 399 1192 quarn
417 1141 567 1179 minima
582 1141 748 1192 quidem,
770 1140 894 1192 aliqua
913 1150 1037 1180 tamen
1059 1150 1115 1180 est
1132 1142 1361 1193 comparatio
1385 1152 1422 1183 et

211 1206 390 1244 nonnulla
409 1205 618 1257 proportio.
633 1210 680 1244 At
694 1206 911 1254 multorum,
932 1215 968 1245 et
984 1214 1239 1257 quotcumque
1257 1207 1420 1246 uolueris

211 1270 354 1310 milium
390 1283 573 1309 annorum
610 1270 817 1322 usquedum
862 1283 1017 1309 numero
1051 1283 1187 1310 nomen
1225 1270 1335 1320 desit,
1372 1272 1418 1311 ad

211 1334 443 1375 eternitatem
460 1335 578 1387 ipsam
600 1347 751 1386 prorsus
773 1335 890 1376 nulla.
914 1335 978 1374 Illa
996 1335 1095 1374 enim
1116 1348 1227 1387 supra
1250 1336 1416 1386 modum,

211 1399 297 1439 hinc
327 1400 488 1439 maxima
519 1409 555 1440 et
581 1399 667 1439 hinc
696 1412 826 1451 parua,
859 1399 1032 1451 utrinque
1059 1409 1156 1440 certe
1185 1400 1290 1441 finita
1316 1411 1416 1443 sunt.

214 1470 290 1504 Hec
306 1475 429 1505 autern
450 1474 593 1514 contra,
617 1465 702 1504 hinc
717 1464 876 1513 infinita,
893 1464 978 1504 hinc
992 1463 1110 1514 finita,
1129 1465 1215 1505 licet
1234 1465 1392 1505 maxima
1408 1498 1417 1516 ,

211 1543 284 1582 que
301 1530 374 1569 illis
388 1529 553 1578 admota,
572 1542 650 1568 non
668 1529 802 1582 exigua
830 1529 1076 1569 existimanda
1098 1543 1193 1579 esse,
1217 1531 1279 1570 sed
1301 1532 1416 1579 nulla,

211 1596 264 1635 ait
286 1595 348 1634 ille
367 1594 423 1633 uir
435 1607 591 1647 magnus
602 1594 847 1647 Augustinus,
862 1594 925 1646 qui
943 1594 989 1634 de
1006 1593 1076 1634 hoc
1090 1594 1172 1646 ipso
1190 1595 1420 1635 ualidissime

212 1659 391 1711 disputat,
415 1658 509 1698 libro
531 1658 754 1698 duodecimo
775 1658 945 1698 Ciuitatis
966 1659 1032 1698 Dei
1062 1660 1180 1710 (200).
1208 1663 1252 1699 Et
1278 1660 1345 1699 hec
1365 1669 1421 1700 est

213 1724 275 1764 illa
330 1723 569 1776 perplexitas,
612 1736 684 1775 que
731 1723 977 1775 philosophos
1018 1723 1142 1776 coegit
1187 1723 1419 1764 eternitatem

214 1788 341 1827 mundi
371 1801 522 1840 ponere,
546 1801 592 1827 ne
611 1798 686 1828 tam
719 1788 783 1827 diu
804 1788 947 1827 otiosus
979 1787 1094 1827 fuisse
1113 1788 1282 1828 uideatur
1303 1793 1415 1829 Deus.

0 1904 34 1920 M
28 1894 55 1912 ae.
87 1903 126 1929 ³,
143 1886 186 1915 q
124 1857 334 1928 ²⁸9Quam
371 1854 571 1893 multorum
619 1852 841 1892 sententiam
889 1852 1019 1905 paucis
1064 1853 1187 1893 uerbis
1235 1853 1420 1907 stringens

192 1917 445 1957 Theodosius
467 1918 678 1957 Macrobius
710 1918 874 1957 secundo
906 1917 1172 1958 commentario
1205 1917 1243 1957 in
1275 1927 1419 1958 sextum

217 1982 459 2023 Ciceroniane
478 1983 700 2035 Reipublice
714 1984 841 2034 (201l:
861 1997 880 2021 «
899 1982 1076 2022 Mundum
1097 1982 1263 2035 quidem,
1282 1982 1417 2035 inquit,

216 2047 329 2087 fuisse
369 2061 515 2100 semper
546 2047 783 2100 philosophia
813 2057 920 2087 autor
951 2057 1023 2097 est,
1051 2047 1245 2087 conditore
1267 2047 1418 2100 quidem

215 2113 300 2163 deo,
328 2113 391 2152 sed
414 2125 488 2152 non
514 2126 559 2152 ex
585 2122 774 2165 tempore3
803 2111 987 2164 siquidem
1019 2121 1167 2165 tempus
1199 2121 1286 2152 ante
1315 2125 1420 2152 mun-

257 2262 270 2276 *
292 2263 352 2293 Fol.
377 2271 413 2302 23
438 2267 474 2294 r⁰.
