1494 2600
111 313 286 366 puerulus
318 312 537 351 hauseram:
573 310 691 351 forma
716 311 854 350 bonum
877 309 1007 363 fragile
1031 311 1105 361 (32)
1137 318 1192 349 est
1206 308 1238 357 *,
1263 309 1321 348 uel

111 377 202 418 illud
227 376 439 417 salomonis
460 376 496 416 in
530 389 574 415 eo
595 375 689 416 libro
721 389 797 428 quo
827 376 1024 427 paruulum
1052 374 1184 415 docet:
1210 373 1323 414 fallax

109 442 245 496 gratia,
271 451 308 482 et
328 454 423 481 uana
448 450 505 482 est
524 441 737 493 pulcritudo
761 443 792 492 (3
806 442 855 492 3).
875 441 1072 494 Qiomodo
1096 440 1208 493 igitur
1228 439 1323 479 inui-

109 506 240 547 derent
265 507 376 546 michi
413 506 512 558 quod
546 519 620 545 non
645 506 776 554 habeo,
821 506 921 558 quod
958 506 1046 545 dum
1086 505 1212 553 habui,
1241 504 1323 556 ipse

111 571 417 624 contempserim,
443 571 619 623 quodque
643 570 673 610 si
694 571 923 620 redderetur,
947 583 1045 610 nunc
1076 571 1134 610 uel
1163 569 1324 609 maxime

109 635 262 690 cognita
282 645 319 676 et
345 646 496 688 experta
520 636 599 675 eius
628 636 885 685 instabilitate,
915 635 1217 676 contemnerem?
1239 639 1322 674 Non

71 742 85 747 N
110 700 273 754 denique
298 701 490 741 scientiam
514 710 580 740 aut
599 701 867 752 eloquentiam,
891 714 1047 753 quarum
1076 700 1232 752 primam
1260 713 1320 755 pe-

111 766 212 807 nitus
230 767 369 806 nullam
390 765 501 805 michi
525 778 606 805 esse
626 765 846 806 confirmant
866 779 876 816 3
905 767 1033 814 altera,
1061 765 1091 805 si
1116 778 1188 817 qua
1207 774 1320 814 esset,

110 830 210 884 apud
231 831 316 871 illos
339 831 410 870 hoc
436 830 614 870 moderno
640 830 904 883 philosophico
936 844 1037 870 more
1073 829 1324 870 contemnitur

113 905 150 936 et
173 895 280 948 quasi
316 896 471 936 literatis
503 894 593 935 uiris
626 895 779 948 indigna
810 896 1012 948 respuitur.
1037 895 1096 935 Sic
1137 895 1210 934 iam
1244 895 1323 934 sola

112 960 412 1014 philosophantis
454 959 607 1000 infantia
636 966 710 1012 (34)
752 971 788 1001 et
828 961 1005 1013 perplexa
1038 960 1238 1009 balbuties,
1261 960 1323 999 uni

113 1025 234 1066 nitens
258 1025 456 1078 supercilio
472 1035 585 1078 atque
601 1025 765 1065 oscitans
789 1027 882 1078 (35),
907 1035 947 1065 ut
969 1026 1097 1065 Cicero
1118 1035 1242 1074 uocat,
1267 1037 1322 1064 sa-

113 1089 266 1143 pientia,
290 1090 485 1130 inhonore
505 1099 577 1141 est,
598 1103 666 1130 nec
693 1090 788 1130 redit
806 1091 852 1130 ad
875 1090 1090 1130 memoriam
1114 1091 1223 1130 Plato
1244 1090 1323 1130 elo-

111 1154 379 1208 quentissimus
396 1155 587 1195 hominum
601 1156 693 1206 (36),
711 1168 793 1205 nec,
811 1165 851 1195 ut
871 1155 1000 1195 sileam
1016 1155 1326 1209 reliquos,dulcis

112 1232 156 1260 ac
175 1220 317 1271 suauis,
341 1220 404 1260 sed
431 1220 480 1259 ab
498 1220 554 1259 his
575 1220 704 1260 scaber
731 1219 850 1260 factus
870 1220 1081 1260 Aristotiles
1103 1222 1198 1273 (37).
1225 1220 1284 1259 Sic
1304 1233 1324 1258 a

113 1298 182 1326 suo
202 1285 415 1325 desciscunt
435 1298 499 1324 seu
520 1285 692 1326 deerrant
721 1286 828 1334 duce,
858 1294 898 1325 ut
925 1285 1190 1337 eloquentiam,
1213 1298 1324 1337 quam

114 1349 177 1390 ille
191 1350 430 1402 philosophie
444 1360 701 1390 ornamentum
721 1350 852 1404 ingens
867 1360 968 1391 ratus
990 1350 1020 1390 ei
1037 1350 1179 1390 studuit
1195 1350 1325 1389 adiun-

113 1428 213 1468 gere,
230 1415 434 1464 Ysocratis,
446 1425 486 1455 ut
500 1415 708 1467 perhibent,
721 1415 877 1455 oratoris
888 1415 1007 1469 gloria
1022 1425 1211 1468 permotus
1226 1418 1234 1467 l
1246 1428 1258 1465 3
1268 1415 1302 1464 8)
1314 1447 1323 1462 ,

114 1479 210 1520 hanc
250 1479 310 1520 isti
357 1479 664 1532 impedimentum
707 1481 959 1533 probrumque
1003 1480 1184 1520 extiment
1224 1482 1324 1531 (39),

115 1545 262 1594 ultimo,
292 1558 366 1585 non
399 1545 572 1585 uirtutem
609 1545 808 1599 ip[sam**‚
850 1545 1031 1597 optimam
1067 1545 1163 1584 haud
1197 1545 1324 1592 dubie,

115 1609 520 1662 inuidiosissimamque
549 1623 668 1650 rerum
705 1611 887 1661 omnium,
921 1611 986 1650 sed
1023 1610 1185 1660 illis,.ut
1217 1621 1324 1662 puto,

115 1674 242 1723 uilem,
265 1687 310 1714 eo
344 1674 444 1727 quod
481 1688 549 1715 nec
571 1675 713 1715 tumida
734 1688 803 1715 nec
841 1676 936 1715 elata
973 1685 1042 1716 est.
1082 1680 1187 1715 Hanc
1215 1675 1327 1716 michi
1367 1727 1371 1731 ι

42 1735 70 1754 ”’
116 1752 203 1792 ergo
224 1752 310 1779 uere
329 1749 510 1791 optarem,
537 1740 601 1779 sed
631 1739 798 1792 profecto
839 1741 1071 1780 concorditer
1107 1753 1150 1780 ac
1171 1741 1328 1780 libenter

115 1803 296 1853 tribuunt,
322 1814 358 1844 et
387 1804 447 1843 cui
468 1817 583 1856 parua
605 1805 839 1858 negauerim,
867 1805 1028 1845 muneris
1050 1806 1166 1845 instar
1187 1805 1326 1858 exigui,

114 1868 216 1920 quod
239 1877 296 1908 est
316 1868 536 1918 maximum,
559 1869 780 1922 largiuntur.
805 1870 1106 1922 Virum-bonum,
1132 1870 1208 1910 imo
1227 1870 1327 1922 opti-

117 1945 218 1973 mum
245 1932 392 1984 dicunt,
414 1933 477 1986 qui
511 1947 533 1973 o
562 1934 703 1974 utinam
734 1948 810 1974 non
845 1935 964 1974 malus
999 1935 1218 1987 utinamque
1254 1948 1329 1974 non

117 1997 302 2049 pessimus
322 1998 361 2038 in
382 1998 521 2038 iudicio
544 1998 611 2038 Dei
639 1999 709 2038 sim
729 1999 736 2038 l
763 1999 929 2039 Eundem
964 2010 1088 2040 tamen
1114 2000 1328 2040 illiteratum

118 2074 268 2114 prorsus
298 2072 335 2103 et
357 2063 523 2117 ydiotam
557 2063 706 2115 ferunt;
729 2064 835 2104 cuius
869 2064 1071 2117 aliquando
1103 2065 1330 2105 contrarium

181 2222 259 2254 ¹Fol.
320 2227 356 2255 τ’.

159 2269 188 2286 “
209 2232 319 2311 Depu3is
334 2271 416 2311 Μυῒ
433 2282 473 2302 un
489 2278 642 2313 grattage.
