1494 2600
630 225 843 262 -24-

128 301 248 341 acrius
282 311 437 341 uruntur
467 310 503 340 et
537 313 625 341 ceco
655 310 805 341 estuant
839 301 1028 351 incendio,
1058 302 1159 354 quod
1199 312 1236 343 et
1266 303 1341 355 ipsi

59 394 66 400 .
129 365 286 405 studiosi
306 379 434 405 omnes
456 375 492 405 et
513 366 766 405 lucubratores
791 366 916 419 magni
938 376 1039 408 sunt.
1066 371 1119 406 Ita
1141 376 1279 417 tamen,
1302 378 1343 408 ut

130 430 270 482 primus
297 429 442 470 li*teras
471 430 592 470 nullas
606 430 700 471 sciat
723 430 829 483 (nota
855 430 922 471 tibi
947 432 1080 483 loquor
1096 432 1253 486 omnia),
1277 445 1340 473 se-

129 495 274 534 cundus
307 508 461 546 paucas,
493 495 626 535 tertius
662 509 738 536 non
776 496 930 546 multas,
959 506 1113 548 quartus
1147 509 1236 537 uero
1267 510 1342 538 non

128 571 282 610 paucas,
304 558 436 607 fateor,
461 560 523 599 sed
546 561 743 612 perplexas
762 559 857 599 adeo
877 569 1033 612 tamque
1053 561 1338 613 incompositas,

129 632 180 673 et,
202 633 243 663 ut
267 623 319 663 ait
346 623 474 663 Cicero
491 623 587 676 (50),
618 633 720 664 tanta
742 624 897 664 leuitate
914 634 951 664 et
971 624 1185 671 iactatione,
1209 634 1251 664 ut
1267 625 1342 665 for-

128 697 229 727 tasse
255 689 388 728 melius
413 687 524 728 fuerit
547 689 668 728 nullas
692 702 817 732 nosse.
841 693 934 729 Sunt
964 689 1061 729 enim
1086 689 1190 730 litere
1215 690 1342 731 multis

130 752 183 803 in]
209 763 413 794 strumenta
437 753 636 803 dementie‚
669 754 792 794 cuntis
819 753 896 794 fere
916 754 1103 806 superbie,
1131 754 1217 803 nisi,
1242 755 1342 807 quod

129 830 266 867 rarum,
290 818 327 857 in
339 819 501 871 aliquam
524 819 659 858 bonam
673 829 709 859 et
721 819 815 859 bene
836 819 1045 860 institutam
1063 819 1225 858 animam
1249 819 1346 859 inci-

128 882 263 923 derint.
291 884 406 923 Multa
431 884 493 923 ille
522 883 635 937 igitur
655 884 701 923 de
723 884 842 924 beluis
865 883 986 936 deque
1012 883 1146 924 auibus
1166 896 1210 923 ac
1232 883 1342 936 pisci-

132 947 216 997 bus,
241 958 334 999 quot
361 949 418 987 leo
444 949 540 1000 pilos
564 949 601 988 in
622 948 868 1000 uertice(51)‚
891 958 983 1001 quot
1004 950 1149 1001 plumas
1165 948 1345 1001 accipiter

128 1011 166 1052 in
186 1014 303 1052 cauda
323 1015 415 1065 (52),
439 1024 533 1066 quot
555 1013 706 1067 polipus
728 1013 838 1066 spiris
859 1013 1078 1068 naufragum
1096 1014 1226 1068 liget(5
1242 1015 1290 1063 3l,
1305 1023 1345 1054 ut

130 1078 250 1117 auersi
272 1088 409 1119 coeunt
431 1078 649 1131 elephantes
674 1078 900 1131 biennioque
920 1088 1063 1119 uterum
1084 1088 1229 1119 tument
1248 1080 1341 1130 (ς4),

129 1151 170 1182 ut
189 1142 311 1182 docile
331 1143 519 1196 uiuaxque
552 1143 690 1183 animal
713 1154 749 1184 et
776 1144 939 1183 humano
959 1145 1168 1196 proximum
1194 1143 1345 1196 ingenio

127 1217 165 1246 et
205 1208 250 1246 ad
287 1208 439 1248 secundi
481 1208 658 1260 tertijque
696 1208 806 1248 finem
850 1209 964 1248 seculi
1007 1208 1170 1248 uiuendo
1209 1221 1344 1260 perue-

128 1271 234 1311 niens
255 1275 348 1324 (ςς);
368 1283 407 1313 ut
423 1273 560 1325 phenix
580 1273 787 1313 aromatico
809 1273 897 1326 igne
916 1273 1150 1313 consumitur
1165 1283 1347 1327 ustusque

132 1338 335 1377 renascitur
353 1339 447 1389 (56l3
473 1348 513 1378 ut
545 1338 699 1378 echinus
728 1338 864 1390 quouis
891 1347 1014 1378 actam
1035 1337 1176 1390 impetu
1198 1350 1345 1390 proram

129 1400 328 1455 fren[at**,
354 1416 437 1443 cum
459 1403 635 1443 fluctibus
660 1413 788 1443 erutus
811 1402 862 1442 nil
884 1403 1004 1455 possit
1020 1404 1114 1455 (57);
1134 1412 1175 1443 ut
1193 1412 1348 1443 uenator

130 1468 286 1519 speculo
307 1468 439 1521 tigrem
461 1468 555 1508 ludit
573 1468 669 1520 (58),
692 1468 911 1520 Arimaspus
931 1467 1088 1521 griphen
1107 1466 1204 1507 ferro
1225 1467 1346 1519 impe-

129 1531 175 1572 tit
209 1534 300 1583 (ς9),
341 1543 425 1573 cete
455 1543 558 1585 tergo
590 1542 743 1573 nautam
783 1532 916 1572 fallunt
952 1531 1056 1584 (60);
1096 1542 1135 1572 ut
1179 1531 1349 1582 informis

123 1610 214 1636 mse
241 1607 368 1649 partus
398 1598 491 1646 (61),
529 1598 634 1637 mule
667 1610 771 1637 rarus
798 1598 890 1648 (62),
926 1597 1053 1650 uipere
1082 1597 1213 1637 unicus
1242 1597 1349 1649 isque

132 1661 261 1702 infelix
293 1662 389 1713 (63),
410 1673 451 1702 ut
473 1662 551 1702 ceci
585 1663 685 1714 talpe
701 1662 807 1713 ’(64),
831 1662 942 1702 surde
964 1674 1053 1714 apes
1078 1663 1170 1714 (65),
1197 1671 1238 1702 ut
1263 1674 1350 1714 pos-

133 1737 251 1767 tremo
293 1727 524 1779 superiorem
568 1727 820 1767 mandibulam
851 1727 1018 1767 omnium
1059 1727 1162 1766 solus
1198 1726 1348 1766 anima-

133 1793 253 1832 ntium
278 1793 503 1832 cocodrillus
525 1802 651 1832 mouet
676 1792 770 1843 ().66
796 1798 875 1847 Q1e
895 1792 1046 1844 quidem
1065 1792 1123 1831 uel
1148 1803 1282 1844 magna
1304 1804 1350 1831 ex

134 1867 239 1909 parte
266 1856 358 1896 falsa
389 1866 502 1907 sunt;
537 1857 637 1909 quod
672 1857 709 1895 in
742 1857 869 1897 multis
899 1856 1029 1896 horum
1058 1855 1258 1904 similibus,
1285 1855 1348 1896 ubi

135 1921 175 1960 in
201 1932 370 1962 nostrum
403 1921 529 1961 orbem
558 1922 681 1962 delata
715 1932 814 1970 sunt,
850 1921 986 1974 patuit,
1033 1921 1093 1960 uel
1125 1930 1225 1961 certe
1258 1920 1350 1973 ipsis

131 1987 332 2026 autoribus
357 1987 487 2026 incom
517 1996 636 2039 perta,
671 1987 734 2026 sed
765 1996 916 2039 propter
941 1985 1150 2026 absentiam
1178 1986 1236 2025 uel
1262 1997 1345 2025 cre-

137 2050 215 2091 dita
248 2052 458 2103 promptius
487 2052 545 2091 uel
583 2051 668 2091 ficta
709 2051 880 2092 licentius
915 2052 1024 2102 (67);
1059 2063 1133 2103 que
1173 2049 1347 2102 denique.

177 2220 191 2234 *
212 2222 275 2252 Fol.
300 2232 318 2260 4
339 2223 383 2251 v0.

168 2267 198 2283 *⁸
219 2267 357 2309 Depuis[‚
380 2277 432 2298 sur
453 2278 492 2298 un
514 2275 667 2310 grattage.
