1494 2600
113 320 180 347 nes
194 319 299 346 suam
320 318 478 346 mercem
498 305 628 345 solitos
641 305 806 348 laudare.
821 310 914 346 Sunt
930 303 1118 358 quinichil
1141 316 1206 356 per
1227 302 1325 355 seip—

114 385 175 412 sos
196 370 356 411 scribere
375 370 536 410 audeant
553 379 602 419 et,
617 370 802 410 scribendi
818 369 936 419 auidi,
952 369 1157 409 alienorum
1169 367 1323 420 exposi-

112 446 212 476 tores
226 449 378 488 operum
397 435 500 484 fiant,
513 448 556 474 ac
575 434 1003 475 uelutarchitectonice*
1021 434 1126 485 inscij
1137 466 1146 483 ‚
1161 432 1321 486 parietes

112 501 286 540 dealbare
322 513 428 540 suum
466 513 561 552 opus
598 499 737 540 faciant
772 509 808 540 et
845 500 931 540 hinc
967 499 1113 539 laudem
1149 507 1319 551 querant,

81 578 223 618 -quam
255 577 324 604 nec
356 578 420 618 per
450 578 488 604 se
521 575 673 617 sperant
697 578 808 616 posse
839 564 1004 617 assequi,
1028 576 1096 604 nec
1125 577 1189 616 per
1209 562 1318 612 alios,

111 629 183 670 nisi
210 630 294 670 illos
324 629 361 669 in
383 629 511 682 primis
531 639 567 669 et
600 630 747 669 illorum
769 629 896 677 libros,
920 629 990 669 hoc
1026 638 1082 668 est
1111 627 1319 668 subiectum

110 694 170 735 cui
195 694 408 742 incubuere,
437 694 685 744 laudauerint‚
708 694 875 734 animose
902 694 937 734 id
963 694 1101 746 ipsum,
1130 703 1167 733 et
1187 693 1320 732 immo·

111 760 207 810 dice,
233 773 276 800 ac
306 760 422 799 multa
451 773 596 812 semper
625 759 816 813 yperbole.
843 763 990 812 Quanta
1016 772 1104 798 uero
1125 758 1173 798 sit
1195 757 1321 797 multi-

110 825 216 874 tudo,
250 824 370 865 aliena
399 824 520 865 dicam
551 824 835 876 exponentium,
858 837 906 864 an
929 824 1049 864 aliena
1072 823 1315 871 uastantium,

110 890 179 930 hac
199 890 391 943 presertim
413 898 648 942 tempestate,
673 889 943 929 Sententiarum
966 889 1070 939 liber,
1097 899 1183 929 ante
1204 887 1316 936 alios,

110 954 212 995 mille
235 955 327 995 tales
350 967 483 1007 passus
506 953 674 1006 opifices,
697 954 809 1002 clara,
834 954 862 993 si
886 954 986 1006 loqui
1012 954 1145 1006 possit,
1171 963 1207 993 et
1226 966 1314 1006 que-

109 1019 188 1059 rula
214 1032 308 1059 uoce
332 1018 542 1061 testabitur.
567 1023 611 1058 Et
632 1018 717 1071 quis
750 1031 912 1070 unquam
946 1021 1218 1058 commentator
1239 1030 1315 1056 non

108 1094 342 1136 assumptum
360 1096 427 1123 ceu
453 1083 644 1136 proprium
670 1083 837 1123 laudauit
857 1083 981 1136 opus?
1003 1088 1080 1123 Imo
1105 1097 1148 1123 eo
1169 1095 1317 1135 semper

107 1148 274 1198 uberius,
295 1162 370 1202 quo
390 1149 551 1188 alienum
573 1148 778 1197 urbanitas,
797 1161 904 1188 suum
923 1162 1017 1201 opus
1040 1149 1190 1188 laudare
1210 1147 1317 1187 uani-

107 1213 164 1254 t'as
183 1224 296 1267 atque
315 1213 488 1266 superbia
511 1223 565 1253 est
584 1215 702 1265 (235).
729 1213 872 1265 Linquo
893 1227 957 1253 eos
977 1213 1040 1266 qui
1056 1223 1134 1254 tota
1155 1213 1225 1253 sibi
1246 1214 1317 1253 de-

107 1278 230 1332 legere
249 1278 452 1326 uolumina,
476 1292 635 1331 quorum
658 1291 752 1318 unus
773 1289 829 1319 est
856 1288 920 1319 aut
948 1279 1090 1331 primus
1112 1285 1312 1332 AuerroyS.

109 1348 214 1384 Certe
235 1344 459 1392 Macrobius,
477 1356 551 1383 non
572 1353 716 1383 tantum
738 1343 824 1383 licet
843 1344 1050 1396 expositor,
1071 1344 1134 1384 sed
1153 1344 1314 1396 scriptor

105 1408 292 1462 egregius,
324 1421 407 1448 cum
437 1418 560 1448 tamen
590 1407 829 1463 Ciceroniane
860 1407 1079 1461 Reipublice
1105 1423 1179 1449 non
1201 1409 1314 1450 libros

103 1473 270 1527 quidem,
291 1474 355 1514 sed
375 1473 483 1513 unius
499 1473 581 1513 libri
603 1483 743 1525 partem
765 1474 1025 1526 exponendam
1044 1474 1310 1527 decerpsisset,

104 1538 350 1591 expositionis
371 1538 407 1578 in
427 1538 498 1578 fine
514 1537 603 1591 quid
619 1538 803 1579 addiderit
823 1550 952 1579 notum
971 1549 1026 1580 est
1044 1553 1052 1579 ε
1081 1554 1101 1578 «
1125 1545 1231 1590 Vere,
1257 1541 1314 1581 in-

102 1602 199 1656 quit,
226 1603 540 1656 pronuntiandum
563 1613 619 1643 est
639 1603 750 1643 nichil
780 1604 850 1643 hoc
873 1617 983 1657 opere
1001 1604 1214 1657 perfectius,
1237 1619 1312 1659 quo

105 1670 276 1708 uniuerse
295 1668 533 1721 philosophie
555 1668 765 1708 continetur
785 1668 979 1722 integritas
999 1684 1019 1708 ›>
1049 1671 1168 1722 (236).
1197 1670 1314 1724 Finge

104 1733 202 1774 hunc
218 1747 293 1773 non
310 1733 356 1773 de
374 1733 455 1773 libri
478 1744 594 1786 parte,
622 1733 684 1773 sed
711 1734 759 1774 de
785 1734 874 1774 totis
896 1734 1203 1788 philosophorum
1232 1750 1316 1776 om-

103 1798 205 1838 nium
221 1798 323 1838 libris
341 1798 442 1850 loqui
461 1812 468 1838 :
491 1798 659 1850 pluribus
673 1799 822 1852 quidem
839 1799 976 1848 uerbis,
997 1813 1071 1840 non
1088 1801 1172 1854 plus
1187 1811 1312 1842 autem

102 1863 225 1904 dicere
244 1863 428 1916 potuisset
447 1878 455 1914 3
475 1863 659 1916 siquidem
677 1863 790 1904 nichil
803 1864 1006 1918 integritati
1026 1866 1232 1918 potestnisi
1245 1881 1312 1906 su-

103 1928 284 1980 perfluum
330 1928 520 1968 accedere.
573 1928 668 1983 Qid
714 1941 803 1969 uero
854 1929 1163 1983 philosophorum
1209 1931 1314 1971 libris

102 1992 288 2042 omnibus,
308 1993 372 2045 qui
394 1994 451 2032 uel
472 1993 600 2046 scripti
625 1995 682 2034 uel
705 1993 891 2034 scribendi
914 2004 1000 2035 sunt
1021 1995 1205 2036 contineri
1227 2009 1309 2036 am-

102 2057 200 2109 plius
220 2067 358 2110 potest,
376 2071 489 2110 quam
510 2058 748 2111 philosophie
778 2059 972 2113 integritas
990 2060 1003 2100 ?
1038 2060 1073 2100 Si
1101 2070 1225 2101 tamen
1247 2061 1315 2101 hec

102 2123 183 2175 ipsa
215 2123 274 2163 uel
305 2123 478 2163 omnibus
510 2123 692 2164 contineri
722 2124 847 2177 potuit
875 2135 940 2166 aut
970 2125 1108 2178 poterit
1135 2125 1254 2176 libris,
1278 2137 1315 2168 et

141 2265 156 2281 ¹·
180 2266 242 2297 1²01.
262 2275 300 2307 27
321 2274 360 2299 το,
