1494 2600
695 251 902 289 „70-

194 334 263 372 tas,
288 324 350 363 sed
372 323 542 365 dilectas.
568 325 612 365 Hi
634 335 722 366 sunt
741 339 830 380 ergo
850 327 927 366 ueri
952 327 1165 380 philosophi
1187 331 1344 371 morales
1364 313 1401 372 et

194 389 371 428 uirtutum
393 389 502 429 utiles
519 390 702 443 magistri,
727 404 883 443 quorum
905 392 1023 444 prima
1041 403 1077 432 et
1094 393 1224 433 ultima
1244 394 1403 436 intentio

192 463 248 493 est
286 453 423 493 bonum
452 454 573 494 facere
608 455 815 496 auditorem
857 469 900 496 ac
933 457 1124 506 lectorem,
1156 458 1295 511 quique
1326 472 1399 500 non

192 519 312 558 solum
345 519 480 560 docent
510 514 609 573 quid'
634 531 690 561 est
723 521 839 561 uirtus
867 531 930 561 aut
960 522 1092 562 uitium
1120 524 1402 578 preclarumque

192 583 282 622 illud
299 583 368 623 hoc
389 583 533 624 fuscum
555 598 691 625 nomen
710 585 862 626 auribus
877 586 1098 638 instrepunt,
1116 588 1179 627 sed
1195 588 1245 628 rei
1260 589 1404 642 optime

191 661 362 688 amorem·
387 649 624 702 studiumque
662 650 898 703 pessimeque
943 651 992 691 rei
1035 651 1162 692 odium
1199 652 1401 707 fugamque

191 713 405 765 pectoribus
442 715 622 755 inserunt.
658 716 788 755 Tutius
827 725 883 755 est
916 716 1099 757 uoluntati
1131 717 1227 757 bone
1259 731 1303 758 ac
1340 720 1403 772 pie

189 791 300 829 quam
327 779 455 831 capaci
479 789 515 819 et
539 780 639 819 claro
659 780 864 820 intellectui
886 793 1036 832 operam
1057 781 1159 823 dare.
1183 783 1398 824 Voluntatis

190 843 374 895 siquidem
410 844 612 893 obiectum,
636 855 677 885 ut
705 844 938 897 sapientibus
973 846 1108 898 placet,
1139 856 1196 887 est
1227 847 1399 899 bonitas3

190 908 375 949 obiectum
400 909 609 949 intellectus
633 920 689 950 est
709 910 860 952 ueritas.
892 910 1014 950 Satius
1034 919 1090 951 est
1113 921 1237 952 autem
1261 912 1398 952 bonum

191 974 286 1013 uelle
313 987 424 1026 quam
454 988 582 1014 uerum
618 987 745 1017 nosse.
783 975 877 1014 Illud
909 975 1007 1015 enim
1046 975 1178 1016 merito
1209 990 1400 1030 nunquam

190 1049 312 1089 caret·‚
343 1039 413 1079 hoc
438 1052 526 1091 sepe
548 1040 660 1080 etiam
691 1040 839 1091 culpam
870 1039 995 1089 habet,
1020 1040 1298 1082 excusationem
1325 1055 1402 1082 non

189 1103 315 1146 habet.
351 1108 478 1156 Itaque
507 1105 618 1158 longe
653 1114 775 1144 errant
795 1104 858 1157 qui
892 1105 928 1144 in
958 1106 1218 1158 cognoscenda
1245 1106 1396 1156 uirtute,

189 1181 263 1208 non
281 1169 318 1208 in
334 1169 588 1221 adipiscenda,
609 1179 646 1209 et
665 1170 781 1209 multo
799 1170 960 1209 maxime
975 1170 1039 1222 qui
1061 1170 1097 1210 in
1117 1171 1396 1224 cognoscendo,

190 1246 265 1273 non
296 1234 457 1274 amando
486 1239 563 1274 Deo
595 1243 744 1286 tempus
776 1244 933 1286 ponunt.
962 1239 1055 1275 Nam
1084 1244 1120 1275 et
1150 1235 1326 1288 cognosci
1353 1236 1400 1275 ad

189 1299 339 1349 plenum
364 1303 462 1338 Deus
482 1298 519 1338 in
536 1299 605 1339 hac
626 1299 701 1339 uita
721 1289 824 1338 nulio
845 1308 969 1351 potest
990 1299 1115 1348 modo,
1137 1300 1253 1340 amari
1274 1310 1399 1341 autem

190 1373 313 1415 potest
333 1364 392 1416 pie
414 1374 526 1416 atque
554 1364 750 1414 ardenter3
772 1373 808 1404 et
828 1364 956 1416 utique
975 1377 1080 1403 amor
1106 1363 1168 1404 ille
1193 1364 1282 1405 felix
1304 1379 1399 1406 sem-

189 1441 267 1480 per,
284 1428 450 1482 cognitio
466 1442 555 1469 uero
576 1441 843 1481 nonnunquam
863 1429 1012 1478 misera,
1037 1428 1178 1482 [qualis
1200 1439 1255 1470 est
1274 1430 1403 1470 demo-

188 1493 336 1546 num]*,
380 1493 443 1546 qui
478 1494 670 1547 cognitum
704 1493 802 1545 apud
839 1492 974 1533 inferos
1008 1494 1314 1535 contremiscunt.
1354 1499 1399 1536 Et

189 1571 412 1611 quamquam
430 1572 581 1611 prorsus
598 1559 788 1612 incognita
802 1571 877 1598 non
894 1568 1076 1608 amentur,
1094 1559 1184 1599 satis
1199 1569 1256 1599 est
1275 1569 1399 1600 tamen

193 1627 308 1663 Deum
331 1633 496 1673 eatenus,
510 1623 647 1676 quibus
664 1624 758 1663 ultra
778 1636 852 1662 non
871 1623 994 1672 datur,
1011 1635 1055 1663 ac
1079 1623 1254 1663 uirtutem
1273 1637 1398 1675 nosse,

190 1698 230 1728 ut
251 1688 412 1728 sciamus
434 1689 537 1728 illum
562 1687 685 1728 omnis
712 1687 799 1727 boni
822 1686 960 1727 fontem
986 1687 1271 1737 lucidissimum,
1295 1689 1398 1741 sapi-

188 1753 399 1804 dissimum,
418 1752 713 1802 amenissimum,
730 1752 1004 1801 inexhaustum,
1025 1766 1045 1792 a
1063 1765 1139 1805 quo
1157 1762 1193 1792 et
1210 1766 1275 1805 per
1286 1766 1396 1805 quem

190 1826 224 1858 et
244 1817 280 1857 in
301 1830 375 1870 quo
395 1831 523 1858 sumus
549 1817 726 1870 quicquid
754 1830 882 1857 sumus
906 1817 1011 1868 boni,
1043 1817 1137 1857 hanc
1162 1827 1249 1870 post
1278 1822 1398 1858 Deum

189 1895 308 1922 rerum
338 1883 534 1934 optimam.
567 1888 649 1936 Quo
678 1882 848 1935 cognito,
878 1881 967 1922 totis
991 1881 1095 1922 ilium
1117 1881 1332 1934 precordiis
1353 1894 1398 1922 ac

189 1947 397 1987 medullis³¹0¹<
411 1940 562 1999 propter
575 1960 627 1996 se,
646 1947 739 1986 hanc
753 1956 877 1987 autem
895 1955 1046 1999 propter
1059 1946 1163 1987 ilium
1181 1959 1348 1987 amemus
1362 1956 1400 1987 et

189 2013 356 2052 colamus
369 2012 444 2052 uite
455 2012 557 2052 illum
571 2012 719 2052 unicum
730 2011 784 2030 *³⁸³*
799 2021 989 2052 auctorem
1009 2011 1099 2063 (sic),
1117 2012 1194 2052 uite
1205 2011 1301 2052 hanc
1310 2024 1397 2064 pre-

227 2144 241 2158 *
266 2147 318 2174 Les
334 2150 412 2173 mots
432 2149 517 2173 entre
534 2143 669 2173 crochets
685 2148 755 2173 sont
768 2141 857 2172 e'crits
874 2141 950 2172 dans
973 2141 1000 2172 la
1019 2150 1121 2182 marge
1140 2141 1177 2172 de
1195 2140 1303 2177 droite,
1326 2140 1342 2172 a
1369 2141 1397 2171 la

187 2190 266 2220 suite
282 2189 319 2221 de
338 2191 455 2220 misera.

228 2237 256 2252 ²²*
276 2237 342 2267 Fol.‹
361 2236 399 2267 26
416 2239 455 2268 το.

227 2285 270 2300 ***
295 2288 332 2315 Le
357 2290 420 2315 mot
443 2285 555 2314 unicum
578 2291 623 2315 est
645 2283 746 2324 ajoute'
769 2283 845 2314 dans
872 2282 1065 2324 l'interligne.
