1494 2600
662 188 878 237 -78-

166 288 235 315 nec
256 276 418 327 Ruphini
441 275 572 328 iurgiis
592 275 645 315 sic
666 276 790 316 stilum
812 276 898 316 inde
917 276 1129 325 dimouerit,
1151 277 1242 329 quin
1264 277 1371 318 Cice-

167 341 361 380 ronianum
388 340 529 392 aliquid
562 340 758 383 redoleret.
795 343 900 395 Qod
936 340 1093 392 ipsemet
1130 341 1294 382 sentiens
1327 343 1373 382 de

165 405 236 445 hoc
257 405 338 456 ipso
355 404 491 444 alicubi
505 417 544 444 se
561 415 712 445 excusat
729 417 787 458 (25
802 407 850 455 ζ).
875 410 952 446 Nec
971 419 1059 445 uero
1072 406 1200 447 Cicero
1218 405 1374 446 fideliter

165 482 209 509 ac
231 471 399 509 modeste
418 471 535 509 lectus
568 480 633 510 aut
652 469 705 510 illi
729 470 871 520 nocuit,
897 480 961 510 aut
994 470 1130 523 cuique
1147 471 1268 520 alteri,
1288 484 1372 511 cum

165 534 211 573 ad
242 534 491 586 eloquentiam
521 534 658 584 cuntis,
691 534 736 573 ad
762 535 876 575 uitam
899 535 1026 575 multis
1051 535 1160 575 ualde
1179 534 1371 587 profuerit,

166 599 399 647 nominatim,
423 609 463 639 ut
483 599 660 648 diximus,
685 599 909 652 Augustino,
933 600 997 652 qui
1025 613 1069 640 ex
1091 600 1226 653 Egipto
1246 614 1373 654 egres-

166 678 274 704 surus
300 668 419 715 (254l,
445 664 677 717 Egiptiorum
698 677 788 704 auro
809 674 846 704 et
877 674 1031 718 argento
1051 665 1173 704 sinum
1194 665 1264 705 sibi
1285 679 1371 719 gre-

166 730 357 781 miumque
391 729 610 780 compleuit,
643 742 688 769 ac
734 738 860 769 tantus
894 729 999 782 pugil
1038 729 1215 778 Ecclesie,
1250 740 1375 771 tantus

165 804 422 848 propugnator
448 793 534 833 fidei
553 793 714 844 futurus,
743 804 829 834 ante
853 794 916 834 diu
945 807 1058 846 quam
1078 794 1116 834 in
1143 794 1260 835 aciem
1286 795 1374 840 des-

164 860 350 905 cenderet,
377 873 459 899 sese
483 859 596 899 armis
626 859 788 899 hostium
813 858 1075 901 circumfulsit.
1096 859 1166 900 Ubi
1197 872 1287 913 ergo
1326 861 1373 901 de

166 925 235 971 his,
248 925 294 963 de
314 924 524 976 eloquentia
543 923 734 976 presertim
750 924 930 976 queritur.
948 924 1160 964 Ciceronem
1182 924 1300 965 fateor
1314 939 1373 965 me

166 989 288 1028 mirari
310 989 417 1037 inter,
451 989 526 1028 imo
551 998 636 1028 ante
662 1001 806 1038 omnes,
835 989 900 1040 qui
934 988 1161 1041 scripserunt
1191 1002 1369 1042 unquam,

162 1054 330 1106 qualibet
351 1054 388 1093 in
413 1064 536 1106 gente,
550 1066 617 1093 nec
632 1064 756 1094 tamen
778 1064 817 1094 ut
838 1053 975 1102 mirari,
991 1054 1045 1093 sic
1061 1063 1098 1094 et
1116 1054 1266 1102 imitari,
1286 1067 1370 1095 cum

166 1119 288 1170 potius
308 1119 343 1157 in
356 1119 581 1158 contrarium
598 1118 834 1167 laborem‚ne
854 1118 1074 1170 cuiusquam
1093 1118 1235 1159 scilicet
1249 1119 1370 1159 imita-

164 1194 222 1223 tor
241 1183 310 1222 sim
331 1182 482 1231 nimius,
505 1182 582 1222 fieri
609 1193 775 1223 metuens
795 1183 894 1235 quod
922 1183 959 1222 in
985 1182 1068 1235 alijs
1085 1196 1159 1223 non
1179 1183 1311 1236 prob0.
1335 1185 1371 1224 Si

164 1249 287 1287 mirari
300 1258 422 1287 autem
436 1248 665 1296 Ciceronem,
678 1248 748 1287 hoc
760 1257 815 1287 est
828 1247 1109 1288 Ciceronianum
1121 1261 1216 1297 esse,
1229 1248 1375 1288 Cicero-

164 1313 296 1352 nianus
317 1326 413 1353 sum.
436 1312 547 1352 Miror
567 1325 651 1352 eum
667 1326 827 1364 nempe;
848 1313 939 1365 quin
964 1313 1075 1352 etiam
1104 1326 1178 1352 non
1200 1313 1373 1354 mirantes

164 1378 267 1417 illum
291 1377 413 1417 miror.
441 1377 477 1416 Si
501 1390 574 1429 qua
594 1378 660 1417 hec
690 1377 900 1430 ignorantie
922 1390 1019 1417 noua
1045 1377 1230 1418 confessio
1256 1378 1373 1418 uideri

165 1452 301 1494 potest,
323 1443 392 1482 hoc
425 1455 506 1481 sum
535 1442 675 1491 animo,
707 1442 838 1492 fateor,
871 1443 942 1483 hoc
979 1452 1146 1495 stupore.
1170 1447 1218 1482 At
1244 1443 1306 1483 ubi
1327 1443 1374 1483 de

164 1507 360 1560 religione,
382 1507 417 1546 id
439 1517 495 1547 est
515 1507 562 1546 de
587 1520 731 1546 summa
763 1508 920 1547 ueritate
946 1517 982 1547 et
1009 1507 1056 1547 de
1080 1520 1166 1547 uera
1198 1507 1374 1548 felicitate

163 1573 284 1624 deque
304 1582 429 1612 eterna
458 1573 577 1612 salute
606 1573 848 1625 cogitandum
874 1571 1004 1612 incidit
1037 1582 1103 1612 aut
1129 1573 1370 1625 loquendum,

163 1651 238 1677 non
269 1637 533 1677 Ciceronianus
566 1646 665 1677 certe
699 1650 769 1678 nec
802 1637 1035 1686 Platonicus,
1073 1638 1136 1677 sed
1169 1637 1372 1678 Cristianus

163 1715 244 1742 sum
262 1717 270 1752 3
291 1702 432 1754 quippe
455 1715 539 1742 curn
560 1711 682 1742 certus
706 1702 818 1742 michi
839 1702 981 1751 uidear,
1003 1702 1104 1755 quod
1140 1702 1269 1743 Cicero
1293 1703 1374 1755 ipse

164 1767 370 1806 cristianus
390 1766 535 1816 fuisset,
559 1767 589 1806 si
620 1768 679 1806 uel
709 1767 869 1807 Cristum
902 1767 1041 1816 uidere,
1065 1768 1124 1807 uel
1153 1767 1371 1808 Cristidoc-

162 1831 297 1871 trinam
347 1831 539 1884 percipere
585 1831 784 1883 potuisset.
837 1837 891 1871 De
927 1833 1084 1872 Platone
1128 1831 1226 1871 enim
1272 1833 1373 1872 nulla

162 1896 348 1936 dubitatio
367 1896 534 1948 estapud
554 1896 675 1948 ipsum
690 1896 980 1949 Augustinum*,
999 1897 1029 1936 si
1043 1908 1108 1937 aut
1118 1897 1188 1937 hoc
1207 1906 1374 1949 tempore

162 1961 415 2010 reuiuisceret,
439 1970 503 2001 aut
523 1961 612 2000 dum
637 1961 745 2010 uixit,
773 1961 839 2001 hec
864 1961 986 2001 futura
1006 1971 1256 2014 prenosceret,
1281 1962 1372 2014 quin

162 2026 368 2065 Cristianus
389 2026 624 2078 fiere13quod
640 2025 774 2066 secisse
794 2039 860 2066 sua
882 2036 979 2067 etate
992 2027 1190 2079 plerosque
1202 2026 1372 2066 Platoni·

157 2103 227 2130 cos
242 2091 338 2130 idem
355 2090 477 2142 refert,
491 2104 648 2143 quorum
668 2090 747 2143 ipse
759 2091 805 2131 de
818 2091 1019 2132 numero**
1034 2090 1149 2131 fuisse
1165 2091 1370 2131 credendus

201 2192 215 2206 ²⁸
240 2192 301 2222 Fol.
319 2200 357 2231 29
375 2199 418 2222 νο.

201 2239 229 2254 ’“’
248 2239 339 2278 Apres
359 2248 487 2278 numero,
510 2239 530 2270 il
550 2249 570 2280 y
592 2248 608 2270 a
629 2240 656 2270 le
673 2239 759 2280 signe
787 2238 843 2280 Γ.
