1494 2600
627 196 839 234 -30-

131 271 318 322 potuerint
335 285 345 321 3
364 271 494 310 horum
514 279 637 310 autem
658 270 708 310 sit
728 283 875 310 suarum
897 270 1024 323 opinio
1042 284 1162 311 rerum
1184 271 1332 325 ingens,

131 344 168 375 et
197 335 399 375 Aristotilis
431 334 571 374 nudum
604 347 753 384 nomen,
787 335 887 387 quod
922 335 978 374 his
998 335 1164 388 quinque
1193 335 1336 377 sillabis

133 401 269 440 multos
298 400 460 439 delectat
487 399 665 452 ignaros;
694 400 845 452 insuper
879 410 916 440 et
943 401 1053 440 inane
1079 401 1274 453 gaudium,
1301 411 1338 441 et

132 464 244 504 elatio
279 463 508 504 fundamenti
545 464 654 515 inops
683 477 727 504 ac
763 464 867 505 ruine
901 465 1083 516 proxima,
1139 465 1338 517 omnisque

132 542 243 581 quem
265 528 370 580 inscij
401 538 437 568 et
465 528 581 568 inflati
609 529 655 568 de
682 529 759 568 suis
782 530 967 569 erroribus
995 529 1155 570 fructum
1182 543 1276 584 uaga
1303 540 1340 571 et

133 593 233 633 facili
265 593 486 633 credulitate
517 594 743 646 percipiunt.
774 599 855 633 Mea
889 607 977 634 uero
1008 594 1055 634 sit
1085 593 1275 634 humilitas
1305 605 1341 635 et

134 658 344 711 ignorantie
375 658 526 710 proprie
555 657 842 711 fragilitatisque
875 659 1008 699 notitia
1042 668 1078 698 et
1108 659 1247 699 nullius
1268 658 1340 698 nisi

90 735 96 741 ·
136 723 263 763 mundi
295 732 331 763 et
360 722 431 762 mei
470 733 507 763 et
550 723 748 763 insolentie
786 724 1104 764 contemnentium
1146 737 1205 763 me
1254 736 1342 763 con-

135 795 313 837 temptus,
336 785 383 824 de
403 798 461 824 me
487 784 708 834 diffidentia,
736 785 782 824 de
807 795 844 825 te
871 798 984 838 spes3
1008 795 1198 837 postremo
1218 785 1341 838 portio

137 862 216 889 mea
239 854 354 898 Deus,
371 860 421 898 et,
444 862 556 901 quam
577 849 688 890 michi
716 863 791 889 non
813 850 996 899 inuident,
1014 850 1132 890 uirtus
1151 849 1349 906 illiterata,-

139 913 328 954 Ridebunt
354 915 477 966 plane,
500 914 531 953 si
559 914 626 954 hec
649 914 816 964 audiant,
841 924 878 954 et
906 914 1033 955 dicent
1059 928 1118 954 me
1146 925 1187 955 ut
1210 914 1342 954 anicu-

138 979 210 1018 lam
239 978 445 1031 quamlibet
465 979 543 1018 sine
564 979 680 1019 literis
701 979 762 1031 pie
791 979 908 1032 loqui.
935 979 1001 1019 His
1027 980 1125 1020 enim
1153 981 1342 1020 literarum

138 1053 230 1097 typo
250 1043 403 1083 tumidis
427 1043 478 1083 nil
498 1044 637 1096 pietate
656 1044 780 1093 uilius,
817 1057 891 1096 qua
917 1044 1014 1084 ueris
1034 1044 1266 1096 sapientibus
1298 1056 1343 1084 ac

139 1108 264 1147 sobrie
281 1108 436 1148 literatis
453 1108 566 1148 nichil
588 1118 644 1149 est
660 1109 795 1157 carius,
809 1110 945 1161 quibus
962 1109 1135 1150 scribitur
1152 1124 1159 1149 :
1189 1127 1206 1146 α
1220 1109 1344 1150 Pietas

138 1181 196 1212 est
233 1173 415 1224 sapientia
432 1186 468 1222 »‚
507 1173 674 1226 meisque
702 1174 934 1214 sermonibus
966 1174 1084 1228 magis
1103 1187 1146 1214 ac
1170 1174 1289 1228 magis
1307 1174 1344 1214 in

141 1237 327 1277 sententia
344 1237 604 1287 firmabuntur,
625 1248 665 1278 ut
684 1238 766 1278 sine
785 1238 900 1278 literis
922 1239 1040 1279 bonus
1061 1238 1149 1297 sim:

733 1437 779 1472 111

197 1561 301 1609 Quid
334 1575 422 1601 uero
446 1574 547 1601 nunc
578 1561 752 1610 dicimus,
778 1566 925 1601 Donate
955 1561 1157 1602 fidissime?
1179 1565 1232 1601 Te
1258 1562 1350 1602 allo-

143 1639 252 1679 quor,
284 1629 407 1679 'quem
446 1626 565 1679 magis
601 1625 731 1666 horum
774 1626 902 1666 liuoris
937 1626 1088 1666 aculeus
1128 1628 1254 1678 [quam
1291 1639 1352 1666 me

144 1691 282 1744 ipsum,
308 1691 368 1730 cui
389 1691 641 1744 infligebatur]
654 1690 686 1740 *‚
710 1691 889 1744 pupugit:
912 1690 1199 1743 quid‚inquam,
1215 1690 1348 1741 amice,

142 1756 290 1810 agimus
313 1755 416 1807 (82)?
438 1761 494 1795 An
516 1755 688 1808 equiores
706 1756 848 1796 iudices
883 1768 1133 1808 prouocamus
1158 1756 1265 1807 [83)?
1294 1760 1352 1796 An

144 1821 310 1871 silemus„
325 1830 362 1861 et
381 1821 530 1861 silentio
553 1820 776 1861 sententiam
798 1820 1091 1861 confirmamus?
1118 1826 1199 1861 Hoc
1217 1820 1349 1863 satius.

147 1891 158 1925 Ι
165 1876 225 1925 mo
242 1895 282 1926 ut
299 1885 395 1926 scias
409 1899 520 1938 quam
533 1885 646 1925 nichil
658 1885 839 1934 oblucter‚
853 1898 900 1925 ne
915 1885 1083 1926 decimus
1099 1885 1352 1938 expectandus

145 1950 226 1990 dies
254 1950 316 2000 sit,
339 1963 439 1990 nunc
469 1963 568 1990 nunc
602 1950 931 2003 qualiumcumque
963 1950 1156 2003 sententiis
1187 1950 1352 1990 iudicum

145 2014 358 2067 acquiesco,
375 2025 486 2067 teque
515 2025 551 2055 et
585 2015 747 2068 reliquos
776 2028 872 2067 quos
898 2028 955 2055 res
983 2015 1117 2068 tangit,
1140 2015 1204 2068 qui
1223 2015 1271 2057 de
1292 2028 1353 2056 me

146 2080 352 2120 contrarias
372 2081 575 2120 sententias
604 2079 786 2129 tuleratis,
810 2080 966 2120 obsecro
985 2089 1026 2120 ut
1055 2089 1092 2120 et
1119 2093 1187 2120 uos
1208 2092 1352 2127 mecum

189 2226 203 2241 ⁸
224 2231 277 2258 Les
297 2234 374 2258 mots
393 2235 478 2259 entre
495 2228 629 2258 crochets
646 2234 715 2259 sont
732 2227 821 2259 e'crits
837 2237 889 2259 sur
908 2237 948 2258 un
965 2234 1116 2269 grattage.
1136 2246 1175 2250 —
1190 2228 1253 2259 Fol.
1271 2237 1289 2268 7
1306 2230 1351 2259 νο.
