1494 2600
128 271 267 320 dictus,
285 275 482 322 Neptunus
497 269 533 308 in
544 270 691 323 pelago,
716 269 753 308 in
774 269 898 309 ethere
916 267 1073 321 Jupiter,
1095 266 1132 306 in
1147 266 1234 320 igne
1247 266 1336 306 Vul-

129 349 245 377 canus
269 335 393 388 (161),
415 339 554 374 Tamen
575 334 641 374 hec
663 334 853 374 excusatio
873 344 909 374 et
927 332 1094 373 ueritatis
1113 331 1339 371 ad*umbra-

130 402 184 442 tio
199 414 310 453 quam
332 401 380 440 sit
399 399 546 448 friuola,
575 400 660 451 quis
688 412 763 439 non
791 399 908 448 uidet,
939 399 1018 451 qui,
1053 407 1094 438 ut
1123 397 1263 449 reliqua
1285 396 1338 437 si-

131 468 240 514 leam,
269 466 367 518 apud
404 465 604 517 scriptores
638 465 805 518 gentium
838 463 1144 517 preeminentiam
1178 463 1272 502 inter
1300 475 1340 502 se

129 531 282 571 deorum
306 530 589 582 discordiasque
616 540 652 570 et
678 529 774 569 bella
799 541 1064 580 sacrorumque
1084 527 1338 568 diuersitatem

131 595 293 635 uiderit?
314 600 413 634 Deus
434 595 529 634 enim
554 607 679 644 uerus,
701 594 764 646 qui
789 593 860 634 nisi
883 606 978 633 unus
999 605 1079 632 esse
1102 605 1177 631 non
1196 601 1336 645 potest,

129 673 250 712 neque
269 673 308 700 se
331 660 460 709 maior,
480 673 600 711 neque
627 672 666 699 se
696 659 816 699 minor
846 658 1001 707 alicubi,
1023 671 1107 698 cum
1136 670 1283 709 semper
1303 666 1340 697 et

130 725 269 778 ubique
286 725 382 764 idem
401 725 481 776 ipse
502 725 564 774 sit,
587 737 707 776 neque
726 723 928 776 aliquando
946 735 1072 763 secum
1094 721 1238 762 discors
1256 735 1339 762 esse

131 800 254 844 potest
278 800 342 830 aut
369 789 497 838 fuisse,
522 803 641 842 neque
661 801 759 828 nunc
789 802 859 828 oue
879 800 979 828 nunc
1005 787 1152 836 thauro,
1178 787 1242 826 sed
1266 800 1339 827 uno

128 868 274 907 semper
293 855 413 895 laudis
436 868 479 895 ac
500 854 641 894 iustitie
661 864 697 894 et
713 853 954 894 contribulati
978 852 1131 905 spiritus
1151 865 1195 892 ac
1220 852 1336 892 lacri-

130 933 272 960 marum
293 919 476 960 sacrificio
496 919 832 971 delectatur(162).
855 923 957 959 Unus
981 917 1043 957 ille
1067 918 1104 957 in
1126 918 1206 957 celo
1235 927 1271 957 et
1301 917 1339 957 in

129 995 239 1033 terra,
263 998 334 1024 una
365 984 417 1024 illi
452 984 651 1036 utrobique
683 983 906 1032 substantia,
939 995 1054 1022 unum
1084 996 1236 1024 nornen.
1271 983 1337 1022 Illa

129 1063 279 1103 quoque
295 1049 498 1089 diuersoria
515 1062 559 1089 ac
578 1048 769 1089 fictionum
785 1047 1031 1101 subterfugia,
1049 1048 1149 1100 quod
1171 1047 1340 1088 uidentes

132 1114 345 1168 philosophi
376 1127 450 1167 que
471 1114 519 1154 de
547 1119 633 1154 Ioue
664 1114 874 1154 dicerentur
906 1118 984 1166 Deo
1014 1126 1088 1153 non
1123 1109 1337 1162 conuenire,

130 1180 225 1220 duos
265 1185 385 1228 Ioues,
423 1193 538 1219 unum
578 1179 798 1227 naturalem,
837 1179 995 1219 alterurn
1037 1177 1265 1226 fabulosum,
1301 1188 1342 1219 ut

133 1244 348 1285 Lactantius
365 1244 417 1285 ait
435 1245 554 1296 (163),
587 1257 650 1284 seu
679 1243 804 1296 potius
825 1253 898 1284 tres
920 1248 1041 1289 Ioues,
1067 1253 1107 1283 ut
1123 1243 1176 1283 ait
1195 1243 1338 1293 Cicero,

131 1309 442 1361 numerant[164l
466 1310 501 1350 hi
522 1309 585 1362 qui
613 1309 793 1362 Theologi
816 1309 1056 1348 nominantur
1071 1307 1256 1361 (deorum,
1280 1307 1340 1348 in-

130 1387 259 1427 quam,
282 1375 461 1427 theologi,
484 1388 558 1414 non
583 1374 692 1414 unius
713 1374 802 1423 dei),
825 1384 984 1426 quantas
1006 1373 1102 1413 uires
1123 1373 1286 1413 habeant
1302 1383 1341 1414 et

130 1439 262 1492 quanti
282 1439 496 1479 extimanda
517 1439 592 1480 sint
618 1439 740 1491 pretii,
770 1452 815 1478 ne
835 1438 946 1478 nimis
966 1451 987 1477 a
1008 1438 1204 1491 proposito
1232 1438 1340 1478 deer-

133 1518 222 1550 rem,
256 1505 355 1557 apud
394 1504 516 1557 ipsum
556 1504 790 1545 Lactantium
828 1503 1065 1544 Formianum
1099 1503 1163 1555 qui
1195 1513 1338 1556 queret,

130 1569 297 1610 inueniet
332 1569 614 1610 Institutionum
635 1582 783 1609 suarum
806 1569 901 1609 libro
924 1568 1108 1621 primo**.
1133 1573 1228 1608 Nam
1250 1568 1340 1608 illud

132 1634 236 1688 piget
262 1634 373 1674 etiam
415 1634 585 1688 attigisse
611 1635 713 1686 quod
738 1643 774 1674 et
797 1635 895 1674 soles
922 1633 1087 1686 qulnque
1107 1633 1341 1686 totidemque

133 1699 349 1749 Mercurios,
393 1699 549 1740 totidem
599 1699 803 1752 Dyonisios
848 1698 1080 1751 totidemque
1140 1698 1341 1749 Minervas,

131 1773 308 1816 quattuor
344 1777 432 1804 uero
466 1765 669 1813 vulcanos,
707 1773 883 1816 quattuor
922 1763 1130 1815 Apollines,
1167 1772 1343 1815 quattuor

132 1832 309 1879 Veneres,
343 1839 417 1870 tres
454 1828 687 1881 Esculapios,
723 1838 796 1869 tres
832 1827 1049 1881 Cupidines,
1082 1838 1157 1868 tres
1190 1833 1343 1881 Dyanas

131 1892 365 1945 dicunt‚[sex
379 1894 571 1943 Hercules,
588 1904 627 1934 ut
645 1894 774 1934 Cicero
791 1893 858 1943 ait,
875 1903 930 1944 at,
947 1902 986 1934 ut
1006 1898 1122 1933 Varro
1140 1895 1200 1944 (ιζ)
1212 1894 1258 1944 5),
1270 1901 1346 1932 tres

132 1967 170 1998 et
189 1958 542 2012 quadraginta]***;
573 1971 694 2011 neque
718 1959 802 1998 illos
824 1958 939 2011 pudet
962 1971 1004 1998 ea
1025 1957 1163 2007 dicere,
1183 1971 1256 2010 que
1276 1970 1344 1997 nos

174 2087 188 2102 *
212 2089 275 2120 Fol.
302 2098 336 2126 κ)
354 2092 392 2120 r⁰.

174 2134 202 2151 *¹*
225 2136 398 2167 Au-dessus
418 2136 459 2167 du
483 2137 579 2177 point,
603 2145 661 2167 une
677 2143 758 2167 sorte
778 2135 895 2166 d'autre
915 2136 1001 2176 signe
1017 2135 1053 2166 de
1070 2134 1280 2175 ponctuation.

175 2182 217 2199 *¹⁸*
239 2188 292 2215 Les
309 2190 387 2215 mots
406 2190 491 2215 entre
502 2184 638 2214 crochets
657 2190 725 2214 sont
743 2183 831 2214 ecrits
845 2183 920 2214 dans
937 2184 964 2214 la
983 2191 1084 2222 marge
1095 2181 1131 2212 de
1151 2181 1261 2222 droite,
1272 2191 1345 2214 avec

133 2239 249 2262 (envoi.
