1494 2600
670 229 882 266 *27-

173 307 243 348 etsi
267 306 440 347 rethorici
463 306 543 346 siue
560 307 718 346 oratoris
736 305 900 346 officium
918 306 980 354 sit,
1001 305 1174 358 apposite
1193 304 1317 344 dicere
1333 304 1379 343 ad

174 371 472 425 persuadendum
489 371 507 390 *
538 371 635 419 finis,
660 371 881 424 persuadere
906 370 1086 418 dictione,
1110 369 1236 410 multis
1257 379 1381 410 tamen

174 437 334 477 indoctis
354 437 558 491 contigisse
579 437 707 486 aiunt;
729 436 906 489 quodque
925 446 982 477 est
1001 436 1104 483 artis,
1126 435 1294 476 tribuunt
1307 433 1380 474 for-

172 510 275 551 tune,
301 502 571 555 uulgatumque
596 502 686 541 illud
708 501 891 542 afferunt:
929 515 950 540 «
974 501 1131 541 Multum
1153 500 1381 553 eloquentie,

172 579 302 619 parurn
329 567 511 619 sapientie
533 581 580 615 »ς
608 579 678 607 nec
700 565 1180 607 aduertuntdiffinitionem
1212 566 1382 606 catonia-

172 643 257 670 nam
280 630 381 671 illam
403 631 560 671 oratoris
581 631 666 670 huic
686 631 871 670 calumnie
890 631 1150 670 aduersantem
1165 629 1282 682 (761³).
1302 629 1383 669 ob-

173 696 270 735 stare
297 695 446 735 demum
469 705 506 736 et
536 695 723 735 scribendi
757 695 882 735 stilum
902 697 992 746 (77),
1027 707 1138 747 quem
1167 707 1243 734 non
1263 695 1384 734 solum

172 759 399 813 uituperare,
428 761 494 800 sed
516 760 664 813 parcius
689 761 840 800 laudare
862 760 985 809 ueriti,
1005 760 1212 813 elegantem
1233 772 1386 811 prorsus

174 834 211 866 et
226 825 403 874 rarum,**
421 826 485 865 sed
507 826 650 878 absque
670 826 744 865 ulla
766 825 920 865 scientia
941 824 1028 865 fassi
1050 834 1150 867 sunt.
1165 825 1270 879 Qod
1286 837 1384 877 qua-

173 890 255 930 liter
281 889 358 930 fieri
381 890 515 942 possit,
539 903 609 930 nec
629 890 814 943 intelligo,
838 903 906 930 nec
934 891 1152 943 intelligere
1172 890 1255 929 illos
1282 902 1382 939 reor;

172 963 210 995 et
241 964 350 1007 puto,
385 955 414 995 si
453 955 498 994 ad
533 968 572 995 se
610 955 763 994 redeant
790 955 1008 1007 dictumque
1052 955 1272 1008 recogitent,
1309 964 1385 995 tam

171 1018 290 1060 futilis
329 1020 485 1072 pudebit
517 1019 671 1072 ineptie.
710 1020 746 1059 Si
782 1020 879 1060 enim
914 1020 1075 1072 primum
1113 1033 1239 1059 uerum
1272 1029 1383 1067 esset,

170 1085 270 1137 quod
287 1098 356 1138 ego
380 1098 524 1124 rursum
547 1098 616 1124 nec
636 1084 754 1125 fateor
774 1098 843 1125 nec
859 1085 1006 1137 opinor,
1024 1085 1230 1125 secundum
1250 1085 1386 1125 falsum

172 1162 253 1190 esse
270 1163 345 1190 non
368 1150 534 1190 dubitem
554 1164 563 1199 ;
585 1163 669 1190 narn
698 1164 773 1202 quo
802 1160 915 1202 pacto
934 1150 1099 1190 omnium
1122 1150 1254 1203 ignaro
1277 1151 1387 1191 stilus

171 1215 356 1255 excellens
389 1216 451 1263 sit,
486 1215 550 1268 qui
577 1215 644 1267 [eis
671 1215 868 1266 nichium
891 1215 1235 1268 ignorantibusw‘*
1261 1217 1386 1256 nullus

171 1279 253 1320 est?
282 1284 385 1320 Itane
410 1279 562 1321 fortuita
582 1281 707 1320 omnia
727 1281 978 1333 suspicantes,
1009 1282 1132 1321 locum
1158 1294 1231 1320 non
1253 1281 1387 1334 linqui-

171 1357 253 1385 mus
275 1344 440 1386 rationi?
468 1345 564 1400 Qid
584 1346 641 1385 uis
655 1355 778 1386 autem
799 1346 812 1385 ?
847 1359 911 1385 seu
934 1346 1023 1398 quid
1046 1346 1165 1386 reris?
1187 1351 1384 1399 Expectas,

171 1410 297 1458 credo,
329 1410 494 1450 iudicum
527 1411 764 1452 sententiam.
799 1411 983 1451 Omnibus
1013 1411 1133 1463 igitur
1160 1412 1205 1450 ad
1232 1425 1387 1452 examen

171 1474 401 1522 ductis,*·²·⁵·0·‘
426 1475 553 1515 nescio
573 1489 683 1528 quem
704 1476 834 1525 deum,
849 1476 1027 1528 quoniam
1053 1489 1121 1516 nec
1142 1476 1234 1517 deus
1257 1477 1387 1517 uolens

170 1539 423 1592 iniquitatem,
465 1553 533 1580 nec
570 1541 662 1580 deus
696 1541 836 1580 inuidie
867 1551 931 1581 aut
953 1541 1162 1594 ignorantie
1191 1543 1288 1582 ullus
1314 1553 1384 1591 est,

171 1605 298 1657 [quam
319 1606 505 1658 geminam
531 1605 607 1645 ueri
634 1606 770 1645 nubem
792 1605 948 1646 dixerim
973 1617 1060 1668 ante
1086 1608 1215 1647 oculos
1237 1607 1381 1648 haben-

210 1751 226 1766 *
248 1751 410 1792 Petrarque
433 1752 515 1784 avait
542 1753 597 1783 mis
627 1753 652 1784 la
682 1763 722 1783 un
749 1753 848 1793 point,
875 1753 948 1794 qu’il
975 1763 991 1784 a
1018 1754 1134 1785 ensuite
1153 1754 1308 1794 supprime'
1334 1763 1387 1795 par

170 1807 230 1830 une
243 1799 326 1830 barre
345 1800 497 1831 verticale.

210 1845 239 1860 ⁸*
259 1847 322 1878 Fol.
343 1849 361 1877 6
383 1849 420 1878 r‘'.

210 1892 253 1909 ⁸*
275 1898 328 1924 Les
346 1901 425 1924 mots
443 1901 528 1925 entre
547 1894 684 1925 crochets
710 1901 780 1925 sont
800 1894 889 1925 ecrits
909 1904 961 1926 sur
981 1905 1022 1925 un
1039 1902 1190 1936 grattage.

210 1939 267 1957 Ψ*
291 1945 343 1971 Les
374 1942 448 1971 trois
480 1941 641 1981 premieres
671 1941 802 1981 syllabes
835 1941 872 1972 de
900 1951 933 1972 ce
959 1948 1021 1973 mot
1038 1949 1108 1973 sont
1127 1943 1235 1974 ecrites
1251 1943 1327 1974 dans
1358 1944 1385 1974 la

171 1996 276 2028 marge
289 1987 326 2018 de
345 1988 454 2024 droite‚
475 1988 550 2018 mais
564 1988 651 2028 apres
667 1989 770 2020 nichil.
797 1992 842 2020 On
862 1989 926 2020 voit
945 1998 1004 2028 que
1027 1989 1196 2030 Pe'trarque
1218 1991 1300 2021 avait
1320 1997 1388 2022 tout

171 2034 296 2065 d’abord
310 2035 396 2066 saute
417 2035 459 2066 les
483 2043 560 2066 mots
581 2036 622 2066 eis
640 2036 739 2074 nichil,
763 2036 846 2067 avait
864 2036 939 2067 e'crit
964 2036 980 2066 a
998 2037 1062 2067 leur
1081 2037 1167 2076 place
1183 2038 1306 2078 ignoran
1326 2045 1387 2069 ter-

171 2081 253 2112 mine
272 2081 348 2112 dans
371 2082 397 2112 la
431 2082 511 2122 ligne
534 2083 672 2113 suivante
696 2092 750 2122 par
774 2084 867 2120 tibus;
899 2084 980 2123 puis,
1008 2083 1120 2115 s'etant
1141 2090 1252 2124 apercu
1270 2084 1308 2115 de
1330 2094 1386 2116 son

170 2137 282 2164 erreur,
316 2129 337 2159 il
365 2130 522 2169 supprima
551 2130 655 2169 ignora
687 2139 739 2160 sur
767 2131 793 2160 le
825 2137 975 2171 grattage‚
1007 2131 1027 2161 il
1055 2131 1159 2162 ecrivit
1186 2141 1226 2163 eis
1250 2132 1339 2162 nichil
1358 2139 1388 2163 et

171 2176 290 2207 ensuite
311 2176 446 2216 ignorari,
468 2177 520 2216 qui
537 2177 608 2207 s'est
627 2177 706 2207 alors
731 2178 837 2208 trouve
859 2177 936 2208 dans
956 2178 983 2208 la
999 2187 1101 2219 marge
1115 2178 1152 2210 de
1170 2178 1281 2211 droite.

210 2221 280 2238 Ν
303 2222 468 2263 Petrai-que
487 2224 569 2254 avait
591 2224 629 2254 ici
650 2224 706 2254 mis
724 2234 763 2255 un
786 2225 883 2264 point,
902 2225 977 2265 qu'il
1003 2234 1018 2256 a
1035 2225 1152 2257 ensuite
1171 2226 1237 2257 biffe'
1258 2235 1312 2267 par
1326 2236 1387 2258 une

171 2269 267 2310 petite
281 2270 364 2312 ligne
380 2270 531 2302 verticale.
