1494 2600
695 211 906 251 —66-

196 299 253 339 uir
272 299 421 339 tantus*
443 298 555 338 nichil
577 299 748 352 ignorare
770 301 951 351 potuisse.
978 301 1089 341 Michi
1109 311 1233 342 autem
1248 315 1399 354 prorsus

195 363 418 404 eontrarium
434 363 580 402 uidetur
598 377 607 413 ;
623 364 786 416 neque*
802 365 865 405 ulli
887 365 1077 405 hominum
1096 367 1258 406 humano
1275 368 1400 408 studio

194 441 314 467 rerum
343 427 509 467 omniurn
529 428 722 468 scientiam
751 428 866 470 fuisse
892 430 1153 472 concesserim.
1178 431 1273 471 Hinc
1299 433 1398 472 lace-

194 506 254 532 ror
276 495 394 543 (205),
413 503 449 533 et
471 493 643 545 quamuis
671 493 743 533 alia
771 494 819 534 sit
850 494 991 534 inuidie
1024 495 1144 544 radix,
1177 495 1245 535 hec
1275 506 1399 537 tamen

194 570 305 597 eausa
344 558 586 610 pretenditur,
625 558 724 610 quod
777 558 1005 599 Aristotilem
1047 573 1120 599 non
1159 561 1288 603 adoro.
1326 562 1396 602 Sed

192 622 305 662 alium
326 636 436 674 quem
463 622 612 662 adorem
642 623 775 672 habeo,
798 624 861 675 qui
886 624 996 664 michi
1026 637 1100 665 non
1130 625 1257 665 inanes
1277 639 1398 666 rerum

192 686 399 727 fallentium
417 700 460 727 ac
475 686 628 727 friuolas
648 687 893 737 coniecturas,
916 689 962 728 ad
981 689 1031 729 nil
1051 690 1178 740 utiles,
1201 690 1293 730 nulli
1312 691 1413 731 sub·.

191 753 299 792 nixas
328 751 584 800 fundamento,
622 752 686 792 sed
723 753 778 792 sui
810 753 928 804 ipsius
966 754 1137 794 notitiam
1175 755 1397 807 pollicetur3

191 830 302 869 quam
323 817 353 857 si
378 827 530 869 prestat,
568 826 770 857 ceterarum
797 817 845 857 ab
864 819 994 857 eodem
1018 818 1252 864 conditarum
1276 833 1397 861 rerum
1456 860 1461 866 ,

193 891 229 922 et
247 882 413 921 accessio
432 895 663 934 superuacua
687 892 723 922 et
741 882 988 934 apprehensio
1010 882 1131 924 facilis
1149 894 1186 925 et
1205 884 1398 937 inquisitio

190 946 390 987 ridiculosa
413 947 612 987 uidebitur.
628 952 734 987 Hunc
754 947 867 1001 igitur
886 947 1019 994 habeo,
1033 948 1079 988 de
1089 962 1165 1001 quo
1181 950 1396 1003 sperem***;

192 1011 290 1051 hunc
313 1012 445 1060 habeo,
467 1025 578 1063 quem
605 1012 780 1062 adorem3
805 1025 915 1064 quem
944 1012 1004 1065 pie
1027 1013 1167 1053 utinam
1194 1023 1230 1054 et
1255 1014 1397 1055 iudices

192 1077 262 1116 mei
286 1077 435 1117 colant!
469 1077 576 1131 Qod
607 1076 637 1116 si
669 1076 823 1126 faciunt,
847 1077 971 1118 sciunt
1005 1077 1249 1131 philosophos
1281 1081 1396 1120 multa

191 1142 380 1190 mentitos,
410 1155 473 1181 eos
502 1142 588 1181 dico
616 1142 679 1194 qui
715 1142 928 1194 philosophi
961 1143 1161 1194 dicuntur;
1192 1144 1268 1184 ueri
1297 1145 1395 1185 enim

190 1206 404 1259 philosophi
438 1220 522 1246 uera
560 1207 684 1246 omnia
713 1206 815 1258 loqui
850 1208 985 1249 solent.
1021 1213 1161 1248 Horum
1193 1218 1319 1249 tamen
1350 1223 1396 1249 ex

190 1285 344 1311 numero
366 1285 434 1311 nec
449 1271 659 1311 Aristotiles
677 1281 788 1321 certe,
805 1284 873 1312 nec
890 1273 998 1312 Plato
1012 1282 1082 1322 est,
1101 1286 1211 1325 quem
1232 1287 1277 1313 ex
1294 1275 1395 1314 omni

190 1337 310 1389 prisca
333 1337 394 1376 illa
415 1336 720 1389 philosophorum
744 1336 826 1375 acie
849 1337 895 1376 ad
921 1350 1049 1377 uerum
1074 1338 1245 1390 proprius
1271 1352 1394 1380 acces-

188 1402 284 1441 sisse
314 1401 430 1441 nostri
457 1401 582 1440 dixere
611 1400 823 1453 philosophi
838 1401 921 1442 m.
947 1402 1011 1442 Isti
1032 1415 1135 1452 uero,
1156 1413 1197 1444 ut
1213 1403 1391 1452 diximus,

190 1467 243 1506 sic
262 1480 388 1506 amore
409 1466 524 1506 solius
543 1466 705 1506 nominis
717 1466 816 1518 capti
831 1477 932 1516 sunt,
949 1476 989 1506 ut
1002 1480 1110 1508 secus
1124 1468 1264 1520 aliquid
1281 1482 1394 1521 quam

190 1531 251 1571 ille
267 1532 314 1571 de
349 1544 386 1570 re
413 1531 581 1583 qualibet
601 1531 702 1583 loqui
733 1531 930 1584 sacrilegio
949 1532 1052 1574 dent.
1077 1533 1172 1572 Hinc
1192 1533 1394 1575 maximum

188 1607 315 1636 nostre
338 1596 548 1650 ignorantie
568 1606 827 1649 argumentum
851 1596 1001 1646 habent,
1024 1597 1124 1650 quod
1151 1598 1277 1638 nescio
1303 1598 1392 1651 quid

187 1661 294 1700 aliter
322 1661 367 1700 de
399 1661 536 1701 uirtute
559 1673 679 1713 neque
699 1670 755 1700 sat
777 1661 1004 1702 aristotelice
1029 1661 1201 1705 dixerim.
1225 1667 1278 1702 En
1306 1676 1393 1703 cru-

188 1725 294 1765 cibus
313 1726 466 1778 dignum
490 1725 648 1765 crimen!
675 1725 857 1766 Perfacile
876 1726 952 1766 fieri
974 1736 1110 1778 potest,
1125 1737 1165 1767 ut
1175 1740 1250 1767 non
1265 1727 1393 1768 diuer-

188 1804 268 1830 sum
291 1791 402 1830 modo
422 1790 577 1842 aliquid,
597 1791 661 1830 sed
681 1791 877 1830 aduersum
898 1791 1068 1841 dixerim,
1090 1805 1159 1832 nec
1178 1793 1274 1832 male
1292 1793 1393 1834 illico

187 1855 360 1903 dixerim,
381 1855 519 1898 nullius
544 1855 716 1895 addictus
744 1856 863 1895 iurare
889 1856 925 1896 in
945 1856 1058 1896 uerba
1081 1856 1262 1911 magistri,
1285 1867 1325 1898 ut
1346 1858 1394 1898 de

188 1933 227 1960 se
238 1921 392 1972 loquens
405 1921 558 1960 Flaccus
568 1920 620 1960 ait
634 1921 752 1972 (206).
773 1921 864 1961 Illud
877 1934 1027 1973 quoque
1040 1921 1220 1974 possibile
1230 1922 1389 1972 θείῃ,

227 2029 240 2042 ’
265 2031 301 2057 Le
323 2034 383 2058 mot
397 2031 496 2057 tantus
509 2034 553 2058 est
566 2026 733 2058 e'critdans
753 2028 780 2058 la
799 2037 901 2069 marge
917 2027 933 2059 ὲ
952 2029 1079 2069 gauche,
1102 2038 1176 2060 avec
1195 2030 1301 2061 renvoi
1318 2029 1392 2061 dans

187 2075 214 2105 Le
235 2082 323 2105 texte.
1239 2086 1242 2089 ¹

226 2123 253 2137 **
277 2121 369 2160 Apres
388 2131 487 2160 neque,
505 2121 524 2152 il
541 2131 558 2162 y
579 2131 596 2152 a
614 2131 653 2152 un
675 2121 761 2162 signe
789 2121 842 2162 Γ,
866 2121 1021 2162 peut-erre
1037 2123 1216 2163 posterieur.
1251 2130 1255 2132 ’

225 2170 267 2184 ’*““
291 2169 354 2199 Fol.
375 2177 415 2208 24
431 2176 468 2200 το.

226 2216 281 2231 “⁸³⁸
306 2216 345 2246 1ci
362 2216 389 2246 le
406 2216 493 2256 signe
510 2215 575 2255 deja
591 2215 717 2256 indique
741 2217 808 2255 plus
827 2217 911 2247 haut.

228 2264 297 2278 ’Μ’
321 2267 358 2293 Le
378 2269 441 2293 mot
460 2267 564 2294 estest
583 2263 656 2294 ecrit
677 2262 752 2293 dans
775 2263 968 2305 l’interligne.
