1494 2600
0 0 455 55 Wanrff
464 0 533 5 “
558 0 596 12 ·-”
639 0 644 3 ·
704 3 706 5 >

563 266 775 306 *51-

67 359 143 387 non
164 345 314 386 insolita
346 354 473 397 raptus
501 357 576 395 quo
606 355 679 382 non
708 342 824 390 soleo,
847 350 888 380 ut
913 339 1035 380 alieno
1057 351 1136 379 mea
1161 338 1269 378 infer-

68 411 163 452 ciam
183 411 283 462 (ι’ςο)
300 410 495 462 opuscula,
518 407 736 461 patientiam
753 419 827 446 non
845 416 920 446 tam
939 415 1039 446 tuam
1060 418 1171 456 quam
1193 404 1273 444 lec-

68 475 159 517 toris
186 475 359 527 imploro.
382 474 576 526 Equidem,
599 473 688 512 dum
711 471 844 511 habere
865 484 986 510 meum
1007 470 1147 523 aliquid
1170 470 1273 509 uisus

68 554 182 589 eram,
204 540 251 579 de
280 539 431 592 proprio
452 538 652 580 uestiebar.
681 543 860 578 Mercator
888 537 996 588 inops
1020 536 1207 576 literarum
1228 535 1275 575 ab

70 606 126 645 his
145 613 322 657 quattuor
335 603 497 644 'scientie
525 603 697 656 fameque
717 600 944 654 predonibus
971 600 1167 653 spoliatus,
1191 613 1275 640 cum

71 669 182 710 michi
203 669 275 709 iam
292 669 483 721 proprium
505 669 616 708 nichil
638 667 701 716 sit,
715 667 744 707 si
765 667 885 707 aliena
907 666 1180 716 mendi[cem]*,
1204 665 1275 704 im-

70 735 337 788 portunitatem
373 735 500 786 [atque
529 732 833 786 impuden]*tiam
866 742 1066 784 paupertas
1093 741 1276 781 excusat;

58 810 107 840 -et
131 812 244 852 quam
271 799 411 852 putas?
441 804 574 852 Magna
603 798 716 838 animi
744 807 942 850 paupertas
970 796 1177 850 ignorantia
1206 806 1275 843 est,

71 874 107 904 et
129 877 202 917 qua
226 864 327 904 nulla
351 863 466 903 maior
487 873 608 916 preter
631 863 778 904 uitium.
803 862 873 902 Sed
897 876 943 902 ne
966 872 1039 902 tres
1060 862 1144 902 illos
1165 861 1279 902 libros

74 930 111 970 in
139 929 306 969 libellum
327 929 424 969 hunc
451 928 602 968 unicum
631 938 889 980 coangustem,
914 926 1196 967 ciceronianum
1218 927 1278 966 ni-

75 994 148 1034 chil
166 994 328 1046 amplius
356 993 467 1034 hodie
493 993 751 1039 transcribam,
776 991 950 1044 quamuis
972 1002 1008 1032 et
1028 1005 1115 1044 sepe
1135 992 1223 1032 alibi
1245 1002 1281 1031 et

73 1059 149 1100 illic
179 1058 372 1111 presertim
404 1059 563 1111 plurima
596 1057 763 1099 studiose
801 1057 1070 1109 operosissima
1106 1058 1280 1110 disputa-

74 1124 176 1164 tione
195 1123 465 1176 perstrinxerit,
485 1124 531 1163 ad
553 1124 652 1163 hunc
671 1123 793 1175 ipsum
813 1123 939 1171 finem,
960 1133 999 1162 ut
1017 1136 1061 1162 ex
1083 1123 1138 1162 his
1156 1122 1280 1162 omni-

76 1189 159 1239 bus,
186 1202 260 1241 que
289 1188 473 1237 uidemus,
503 1203 584 1230 esse
616 1194 733 1228 Deum
761 1188 1003 1228 et.factorem
1034 1198 1070 1228 et
1101 1198 1281 1228 rectorem

76 1254 242 1294 omnium
279 1253 500 1307 cogitemus.
537 1259 613 1294 Hec
641 1254 741 1293 enim
773 1253 848 1293 fere
879 1253 1145 1305 disputationis
1182 1253 1283 1293 illius

77 1320 220 1359 summa
248 1328 317 1372 est,
341 1328 381 1358 ut
401 1319 600 1359 celestibus
629 1329 741 1371 atque
770 1319 1004 1358 terrestribus
1034 1331 1130 1370 pene
1162 1319 1284 1358 cuntis

76 1383 270 1436 expositis,
293 1384 362 1424 celi
385 1384 527 1424 scilicet
553 1384 670 1437 speris
690 1397 732 1424 ac
760 1383 957 1432 sideribus,
980 1394 1058 1424 tum
1081 1383 1285 1424 stabilitate

77 1462 120 1489 ac
144 1448 373 1503 fecunditate
403 1458 596 1498 terrarum,
625 1449 735 1488 maris
755 1461 798 1488 ac
829 1449 1022 1488 fluminum
1053 1448 1285 1501 oportunita-

76 1514 178 1554 tibus
215 1523 501 1566 temporumque
539 1514 782 1554 uarietatibus
821 1526 865 1554 ac
905 1524 1114 1562 uentorum,
1158 1513 1283 1554 herbis

77 1592 228 1631 quoque
253 1587 289 1618 et
319 1579 455 1630 plantis
480 1589 515 1619 et
534 1579 728 1619 arboribus
752 1589 864 1632 atque
890 1579 1286 1628 animantibus‚'miris

79 1644 274 1684 uolucrum
301 1653 338 1683 et
363 1644 645 1696 quadrupedum
668 1654 704 1684 et
730 1644 889 1696 piscium
911 1645 1067 1691 naturis,
1087 1645 1209 1696 deque
1230 1643 1286 1683 his

80 1708 254 1748 omnibus
275 1708 579 1749 com**moditate
599 1709 815 1762 multiplici,
837 1709 935 1758 cibo,
961 1710 1099 1758 labore,
1121 1719 1286 1757 uectura,

80 1773 319 1826 remedioque
351 1773 579 1823 morborum,
604 1784 816 1827 uenatuque
836 1784 872 1814 et
900 1775 1075 1827 aucupio,
1099 1785 1136 1815 et
1164 1773 1286 1814 archi-

81 1847 238 1887 tectura,
259 1847 294 1878 et
312 1838 566 1891 nauigatione,
584 1849 620 1879 et
639 1839 781 1879 artibus
801 1838 1017 1886 innumeris,
1041 1839 1291 1890 omnibusque

85 1903 143 1942 uel
176 1903 327 1957 ingenio
360 1904 418 1943 uel
448 1913 580 1943 natura
616 1904 792 1951 inuentis,
825 1904 986 1957 denique
1018 1918 1214 1957 corporum
1247 1915 1291 1942 ac

83 1980 257 2007 sensuum
285 1977 322 2008 et
353 1967 603 2008 membrorum
633 1981 816 2022 compage
838 1981 882 2009 ac
907 1969 1156 2021 dispositione
1179 1969 1293 2008 mira-

85 2032 163 2082 bili,
186 2033 230 2071 ad
254 2033 426 2072 ultimum
451 2033 592 2074 ratione
615 2042 652 2073 et
671 2033 867 2082 industria,
891 2034 926 2073 in
950 2047 1106 2086 quorum
1129 2033 1292 2085 explica-

87 2096 189 2137 tione
226 2096 372 2137 curiose
405 2097 606 2138 admodum
645 2111 689 2138 ac
731 2097 889 2138 facunde
932 2109 1115 2148 uersatur,
1160 2098 1215 2138 sic
1255 2108 1295 2138 ut

92 2294 96 2299 ,
129 2257 143 2272 *
167 2262 220 2289 Les
235 2258 338 2289 lettres
357 2264 438 2289 entre
453 2258 587 2289 crochets
607 2264 675 2288 sont
693 2258 798 2290 e'crites
819 2267 870 2289 sur
883 2268 921 2289 un
940 2265 1085 2299 grattage.

130 2304 159 2322 ‘⁸¹
181 2305 244 2337 Fol.
267 2313 301 2346 17
319 2312 362 2336 νο.
