1494 2600
215 333 426 386 raptoribus
449 332 564 372 caris*
593 331 735 384 linquo.
759 331 930 372 Habeant
958 331 1043 380 sibi,
1069 339 1127 371 me
1147 331 1314 381 cedente,
1336 332 1366 372 si
1387 343 1428 374 ut

214 398 388 451 pecunia,
409 397 465 436 sic
488 406 525 437 et
547 396 658 444 fama,
684 397 772 436 dum
800 396 950 437 habenti
973 396 1141 448 eripitur,
1164 397 1211 436 ad
1240 406 1425 448 raptorem

215 463 363 504 transit.
388 462 557 501 Habeant
577 461 647 501 sibi
671 463 728 502 uel
756 461 966 510 scientiam,
986 462 1045 501 uel
1065 461 1152 501 huic
1169 461 1269 513 apud
1291 451 1426 502 stult'os

215 541 357 580 parem,
381 526 536 567 scientie
556 526 784 579 opinionem.
810 516 891 580 Ego
912 527 971 566 uel
996 535 1153 578 utraque
1172 527 1230 566 uel
1258 525 1425 579 profecto

214 594 344 641 altera,
367 592 438 632 hoc
469 601 525 631 est
552 591 730 644 opinione
759 590 926 640 scientie,
949 591 1071 630 nudus
1099 604 1158 640 eo,
1185 589 1328 631 felicior
1351 590 1424 631 for-

212 657 323 698 tassis
361 670 405 697 ac
442 657 554 697 ditior
593 657 761 696 nuditate
805 656 950 705 humili,
999 668 1112 708 quam
1160 655 1329 708 superbis
1369 655 1422 696 illi

213 722 343 775 spolijs
362 732 413 769 et,
436 732 476 761 ut
501 721 672 770 arbitror,
695 734 770 761 non
802 720 894 761 suis.
917 721 1022 760 vado
1049 719 1163 774 igitur
1190 721 1300 770 letus,
1322 721 1423 760 claro
1455 772 1460 776 η

211 797 248 827 et
267 787 370 840 graui
390 786 490 826 fasce
506 786 693 838 deposito,
717 795 753 826 et
779 786 990 826 obstantem
1017 785 1160 824 Padum
1182 785 1310 834 remis,
1329 785 1423 825 uelis

210 865 254 892 ac
272 851 422 891 funibus
450 865 601 904 supero,
630 850 798 891 Ticinum
834 860 1018 903 repetens,
1041 849 1247 890 studiosam
1268 859 1306 890 et
1321 850 1422 890 anti-

211 930 322 970 quam
343 917 487 965 urbem,
501 916 563 956 ubi
583 929 658 955 non
673 916 783 956 modo
800 915 1065 955 vestimentum
1085 915 1182 954 fame
1202 924 1311 954 uetus
1328 914 1423 954 inter

209 992 343 1022 nautas
363 982 547 1034 perditum
570 981 772 1029 inueniam,
799 980 827 1020 si
850 993 892 1020 ea
913 993 1000 1020 cura
1021 980 1094 1030 sit;
1114 979 1177 1019 sed
1200 979 1417 1027 carereillo‚

211 1047 280 1088 etsi
304 1048 413 1087 ualde
433 1047 596 1099 cupiam,
626 1046 803 1098 nequibo,
837 1050 915 1103 Ego
941 1055 1064 1085 autem
1092 1045 1188 1085 nitar
1217 1057 1363 1096 semper
1385 1054 1421 1084 et

212 1111 352 1164 optabo
371 1111 568 1151 illiteratus
587 1110 676 1160 dici,
693 1111 781 1150 dum
802 1111 858 1149 uir
880 1111 999 1150 bonus
1018 1119 1083 1150 aut
1101 1122 1176 1149 non
1197 1110 1316 1149 malus
1333 1108 1418 1157 sim,

214 1187 255 1217 ut
283 1178 341 1216 uel
364 1176 418 1216 sic
438 1176 630 1227 quiescam
654 1177 755 1226 (267)
778 1189 785 1214 :
821 1174 921 1215 fesso
953 1175 1004 1215 nil
1032 1173 1180 1214 dulcius
1203 1183 1259 1213 est
1278 1173 1418 1225 quiete.

213 1247 318 1281 Hanc
335 1241 445 1280 michi
467 1253 612 1293 semper
628 1240 674 1279 ad
696 1239 794 1280 hunc
813 1240 911 1279 diem
927 1239 1100 1288 mendax,
1117 1249 1158 1279 ut
1174 1251 1272 1278 nunc
1291 1237 1417 1286 audio,

212 1307 401 1347 literarum
428 1305 525 1345 fama
556 1305 751 1357 preripuit,
781 1315 817 1345 et
849 1305 944 1344 hanc
978 1304 1096 1356 ipsam
1133 1317 1197 1344 seu
1228 1303 1321 1342 falsa
1355 1315 1420 1342 seu

213 1384 325 1411 uerax
345 1370 555 1424 ignorantie
583 1370 679 1409 fama
700 1370 884 1412 restituet.
909 1374 1030 1421 Atque
1049 1370 1114 1418 ita,
1136 1369 1195 1408 uel
1215 1380 1314 1417 sero,
1334 1376 1420 1406 tan-

209 1437 295 1475 dem
325 1435 542 1488 aliquando,
567 1435 769 1491 bene-erit.
799 1434 838 1474 Id
872 1443 1011 1482 tamen,
1039 1444 1081 1474 ut
1111 1446 1252 1480 uereor,
1286 1432 1420 1471 frustra

209 1501 306 1541 nitar
327 1511 438 1553 atque
457 1500 612 1553 optabo.
633 1504 722 1539 Tam
753 1499 858 1539 multi
882 1509 1010 1539 contra
1039 1511 1141 1538 meos
1170 1498 1310 1537 iudices
1335 1509 1420 1536 sen-

208 1564 320 1614 tiunt,
346 1575 387 1604 ut
410 1577 484 1604 non
515 1564 591 1604 illic
620 1574 779 1612 tantum,
799 1576 875 1615 quo
906 1563 1017 1603 michi
1044 1575 1144 1602 nunc
1173 1563 1243 1602 iter
1260 1571 1330 1610 est,
1353 1560 1418 1600 sed

210 1630 437 1682 ubicumque
460 1642 525 1682 per
554 1629 652 1669 hunc
677 1638 844 1668 nostrum
865 1628 992 1667 orbem
1016 1640 1120 1678 suam
1147 1627 1242 1667 hanc
1268 1635 1419 1666 senten-

210 1695 298 1735 tiam
314 1694 598 1747 promulgarint,
612 1693 784 1745 quamuis
795 1693 894 1745 apud
910 1706 969 1732 me
987 1692 1026 1732 in
1038 1705 1113 1732 rem
1130 1691 1329 1732 iudicatam
1346 1691 1418 1730 iam

208 1759 410 1808 transierit,
435 1769 476 1799 ut
503 1759 666 1809 audisti3
696 1758 796 1810 apud
825 1758 919 1798 alios
941 1767 1064 1798 tamen
1085 1758 1123 1797 in
1149 1770 1257 1797 suum
1286 1765 1415 1808 caput,

208 1825 369 1876 plurium
407 1836 452 1864 ac
483 1823 665 1864 maiorum
696 1823 850 1872 iudicio,
873 1835 1043 1863 recasura
1072 1821 1134 1871 sit,
1168 1831 1290 1874 preter
1315 1821 1417 1860 illam

208 1902 320 1929 unam
340 1888 508 1939 forsitan,
529 1888 592 1928 ubi
613 1889 681 1929 hec
694 1889 846 1937 audent,
867 1887 995 1928 urbem
1012 1886 1285 1927 nobilissimam
1304 1895 1420 1938 atque

208 1954 389 2007 optimam
408 1968 417 2005 ;
451 1953 514 1993 ubi
553 1963 703 2006 propter
739 1953 867 2006 populi
904 1951 1199 2006 magnitudinem
1233 1950 1419 2004 multipli-

210 2032 365 2072 cemque
395 2018 611 2059 uarietatem
633 2019 741 2058 multi
763 2029 848 2058 sunt
874 2017 937 2070 qui
959 2017 1040 2057 sine
1074 2015 1226 2057 literis*
1246 2015 1417 2068 philoso-

210 2084 368 2136 phentur
389 2097 433 2124 ac
452 2083 631 2124 iudicent.
656 2084 772 2124 Multa
793 2083 889 2123 enim
917 2095 1035 2122 rerum
1057 2081 1236 2130 omnium,
1259 2089 1296 2133 et
1317 2079 1418 2132 quod

250 2245 264 2259 ²
280 2244 344 2275 Fol.
362 2252 397 2283 32
413 2251 450 2274 r0.

250 2292 279 2306 *³
297 2291 360 2322 Fol.
383 2299 416 2331 3²
436 2298 477 2321 νῦ.
