1494 2600
129 287 291 328 bonurn!
318 303 334 323 >³
376 287 540 328 Consilio
560 296 625 327 tuo
658 296 729 335 sto,
759 286 973 339 pre*ceptor
1010 294 1153 323 rnorum
1175 280 1341 333 optime;

128 352 238 392 titulo
269 351 476 401 rusticiore,
512 360 551 391 ut
585 362 623 392 tu
654 351 723 400 ais,
756 361 796 391 ut
815 364 884 404 ego
901 348 1077 398 arbitror,
1114 347 1266 387 meliore
1296 357 1341 384 ac

128 417 328 462 sanctiore.
350 426 462 469 atque
484 417 533 457 ob
555 430 635 456 eam
661 429 736 456 rem
766 415 877 456 etiam
906 413 1102 460 nobiliore,
1138 419 1339 452 contentus

129 494 226 531 sum,
249 482 400 534 quando
415 481 608 534 presertim
625 481 735 521 michi
755 481 852 520 hunc
867 479 938 519 mei
954 479 1095 518 iudices
1110 476 1337 528 relinquunt.

130 544 222 584 Illud
247 554 371 584 tamen
394 554 533 592 metuo,
557 554 597 584 ut
616 543 800 592 dicebam,
825 556 872 582 ne
892 542 951 582 hic
971 541 1051 593 ipse
1070 539 1200 580 titulus
1225 537 1341 577 falsus

128 605 323 651 sit.'Nitor
352 619 476 649 tamen
506 618 546 650 ut
579 609 627 649 sit
649 622 772 658 uerus,
812 620 932 660 neque
964 605 1048 646 hinc
1079 604 1246 645 desinam
1271 615 1340 642 nec

129 674 298 716 lassabor
330 687 448 726 usque
474 674 519 713 ad
551 683 736 714 extremos
771 674 883 713 alitus
913 671 1233 722 nouissimumque
1262 667 1338 707 sin-

128 739 287 792 gultum,
308 749 343 779 et
367 739 397 779 si
417 739 516 792 quod
539 739 635 779 idem
657 738 745 779 alibi
768 738 909 785 dixisti,
936 746 976 777 ut
998 736 1067 776 sim
1086 736 1220 784 bonus,
1243 745 1339 785 opus

127 813 185 844 est
204 805 313 853 uelle,
338 804 416 844 siue
442 804 512 844 hoc
542 803 701 857 perficit,
735 804 873 844 bonum
905 802 987 851 erit,
1011 801 1089 841 siue
1115 799 1279 848 inchoat,
1302 806 1337 837 et

127 881 213 921 pars
233 878 290 909 est
307 869 485 909 bonitatis
506 869 601 909 uelle
634 868 772 909 bonum
797 867 895 907 fieri:
921 881 988 920 pro
1013 879 1054 906 ea
1076 866 1206 906 saltem
1234 872 1340 916 parte

126 933 275 974 titulum
291 947 417 980 uerum
439 947 561 986 spero,

711 1131 758 1167 1V

181 1255 318 1296 Redeo
338 1255 383 1295 ad
408 1267 581 1295 censores
605 1268 722 1300 meos,
745 1255 791 1294 de
817 1254 952 1307 quibus
979 1264 1016 1294 et
1045 1255 1161 1294 multa
1187 1253 1278 1300 dixi,
1301 1264 1336 1294 et

126 1329 167 1360 ut
188 1319 238 1359 nil
261 1329 298 1360 te
317 1321 444 1369 lateat,
466 1332 564 1359 nunc
585 1319 857 1372 etiam—aliquid
882 1329 938 1360 est
963 1319 1178 1360 dicendum.
1206 1323 1338 1371 Neque

125 1384 223 1424 enim
246 1394 287 1425 ut
314 1385 510 1425 illiteratus
539 1385 592 1424 sic
619 1395 656 1425 et
686 1398 814 1424 amens
837 1397 880 1424 ac
912 1384 1084 1437 stupidus
1107 1384 1182 1424 dici
1204 1384 1332 1424 uelim.

126 1449 249 1489 Litere
277 1449 375 1488 enirn
399 1459 487 1489 sunt
520 1449 727 1489 aduentitia
742 1449 779 1468 **
810 1460 1046 1498 ornamenta,
1085 1448 1180 1489 ratio
1208 1458 1332 1489 autem

123 1513 233 1554 insita
254 1513 449 1566 ipsiusque
477 1514 638 1554 hominis
663 1527 748 1567 pars
771 1524 854 1565 est;
886 1528 959 1554 non
984 1528 1072 1567 ergo
1094 1524 1134 1555 ut
1168 1514 1256 1562 illis,
1280 1513 1330 1553 ita

122 1587 158 1618 et
178 1578 247 1619 hac
270 1591 344 1618 non
372 1592 430 1618 me
457 1579 597 1631 pudeat
625 1579 805 1621 caruisse.
830 1584 960 1632 Neque
989 1593 1077 1619 uero
1103 1579 1171 1619 hec
1199 1578 1331 1626 defuit,

119 1655 193 1695 qua
226 1643 374 1683 illorum
406 1644 615 1684 tendiculas
642 1644 881 1686 declinarem.
909 1644 1179 1685 circumueniri
1202 1657 1329 1684 eorum

119 1707 262 1748 artibus
289 1721 363 1748 non
386 1707 495 1748 facile
521 1709 758 1761 potuissem;
786 1722 868 1750 mea
895 1709 977 1762 ipse
998 1710 1162 1762 puritate
1186 1719 1223 1749 et
1249 1709 1334 1748 uelo

120 1771 385 1813 honestissimo
420 1773 555 1822 fidelis,
588 1784 628 1814 ut
660 1774 779 1823 rebar,
808 1774 972 1816 amicitie
998 1775 1201 1815 obuolutus
1234 1787 1331 1814 sum.

122 1836 312 1878 Fidentem
339 1837 469 1878 fallere
492 1837 668 1890 perfacile
693 1848 761 1879 est.
788 1840 872 1879 Dixi
898 1851 934 1880 et
955 1850 1098 1892 repeto.
1126 1840 1181 1879 Ad
1206 1838 1336 1879 uisen-

117 1901 206 1941 dum
243 1915 315 1951 me,
357 1913 398 1943 ut
433 1903 540 1943 multi
573 1904 650 1956 alijl
693 1904 792 1944 illius
839 1905 1061 1957 pulcerrime
1100 1904 1336 1956 maximeque

118 1965 221 2006 urbis
244 1967 346 2007 ciues
378 1968 478 2011 soliti
512 1969 652 2018 uenire,
678 1968 755 2009 bini
785 1970 924 2022 sepius,
947 1980 983 2010 et
1009 1970 1194 2010 interdum
1221 1969 1332 2009 simul

116 2043 261 2074 omnes,
293 2036 372 2085 Ego
403 2043 526 2073 autem
558 2033 662 2074 letari
692 2043 729 2075 et
755 2035 862 2087 quasi
893 2035 1048 2076 totidem
1082 2035 1149 2075 Dei
1172 2035 1327 2089 angelos

154 2158 169 2174 *
192 2159 253 2190 Fol.
277 2168 312 2190 10
331 2163 374 2191 v⁰.

153 2205 182 2222 ‘¹'
205 2206 370 2248 Pe'trarque
391 2208 472 2238 avait
493 2208 618 2240 d'abord
637 2209 711 2240 e'crit
727 2210 876 2247 adventia,
891 2210 965 2250 qu'il
982 2219 998 2241 a
1020 2210 1140 2242 ensuite
1159 2210 1274 2252 corrige'
1292 2220 1329 2242 en

110 2252 252 2293 ajoutant
271 2254 299 2285 la
320 2255 437 2296 syllabe
457 2256 479 2287 ti
495 2255 571 2287 dans
592 2255 786 2298 l’interligne.
