1494 2600
709 245 919 285 ‚90-

209 320 379 359 insanum
412 320 631 360 crederem*.
659 321 728 360 Sed
761 323 936 374 quoniam
964 323 1035 362 iam
1057 336 1125 363 nec
1157 323 1242 363 sciri
1277 323 1418 373 omnia,

210 385 322 424 imo**
352 397 420 424 nec
453 386 567 425 multa
598 398 662 437 per
695 386 883 426 hominem
907 398 1048 428 certum
1070 397 1139 437 est,
1164 397 1200 428 et
1223 381 1414 428 confutata

208 449 428 501 iampridem
456 460 569 503 atque
598 452 751 503 explosa
776 453 1015 502 Achademia,
1038 465 1082 492 ac
1111 453 1297 494 reuelante
1319 457 1413 502 Deo,

209 514 294 554 sciri
318 515 458 567 aliquid
482 529 592 567 posse
612 526 772 565 constat,
792 517 840 557 sit
861 517 950 557 satis
970 518 1064 558 scire
1077 527 1257 570 quantum
1279 516 1417 558 sufficit

207 579 254 618 ad
276 581 447 620 salutem.
464 580 570 620 Multi
592 581 739 632 plus***
758 582 944 633 sapientes
962 595 1074 634 quam
1092 591 1239 635 oportet
1258 581 1415 634 periere,

207 654 245 684 et
261 644 428 684 dicentes
449 658 488 684 se
508 658 588 685 esse
610 646 810 698 sapientes,
834 656 874 686 ut
900 647 951 686 ait
967 647 1182 699 Apostolus,
1207 647 1310 687 stulti
1330 646 1418 687 facti

208 719 308 757 sunt,
332 719 368 749 et
391 710 632 750 obscuratum
663 721 719 751 est
751 711 932 763 insipiens
962 724 1025 751 cor
1056 725 1198 753 eorum.
1229 711 1340 752 Michi
1369 711 1416 751 ad
1463 727 1468 732 ·

207 773 446 814 sobrietatem
468 788 598 827 sapere
617 775 646 815 si
669 776 875 828 contingat,
898 777 997 828 quod
1020 776 1100 816 sine
1122 776 1264 825 multis,
1285 776 1363 816 imo
1381 786 1420 816 et

209 838 289 878 sine
312 839 397 879 ullis
421 840 536 879 literis
551 839 627 879 fieri
650 853 760 892 posse
780 841 952 881 illiterata
969 841 1162 894 utriusque
1181 854 1291 881 sexus
1312 854 1417 881 sanc—

207 912 330 943 torum
354 905 485 944 cohors
515 905 667 952 indicat,
695 906 785 945 satis
817 906 900 954 erit,
924 916 960 946 et
992 905 1147 946 feliciter
1178 906 1239 960 agi
1272 918 1418 946 mecum

208 968 413 1018 extimabo,
435 983 556 1022 neque
577 983 738 1022 unquam
763 970 833 1010 mei
858 984 917 1010 me
937 971 1048 1022 studij
1076 971 1272 1023 penitebit,
1295 980 1332 1010 et
1352 970 1419 1010 hos

183 1079 186 1081 ,
206 1035 378 1086 garrulos
398 1035 562 1088 ydiotas,
584 1035 662 1087 qui,
682 1034 776 1075 falso
797 1035 984 1075 literarum
1000 1036 1153 1076 nomine
1172 1035 1326 1089 turgidi,
1342 1035 1418 1088 dici

206 1109 335 1139 amant
367 1100 467 1151 quod
498 1113 572 1139 non
609 1110 708 1149 sunt,
743 1111 807 1140 aut
837 1101 1051 1150 miserebor,
1091 1110 1155 1141 aut
1185 1101 1315 1150 odero,
1354 1110 1420 1140 aut

209 1164 351 1212 ridebo,
380 1165 427 1204 de
459 1165 568 1204 rebus
600 1164 771 1205 inanibus
803 1176 916 1217 atque
945 1165 1145 1218 incognitis
1178 1166 1417 1213 altercantes,

208 1241 329 1280 neque
349 1229 421 1268 illis
445 1229 674 1277 iactantiam,
692 1242 760 1269 nec
772 1239 952 1269 tumorem
965 1229 1196 1282 pestiferum,
1218 1241 1287 1269 nec
1302 1229 1421 1269 omni-

208 1306 257 1332 no
272 1293 428 1346 aliquid,
446 1307 520 1333 non
538 1294 639 1346 ipsas
654 1304 752 1334 certe
772 1295 940 1344 diuitias,
954 1294 1146 1344 inuidebo,
1164 1307 1352 1347 nunquam
1374 1294 1421 1334 ad

208 1371 291 1397 sese
310 1359 564 1408 redeuntibus,
585 1372 730 1412 semper
749 1358 847 1399 foras
865 1359 989 1399 effusis
1010 1372 1124 1412 seque
1142 1369 1245 1399 extra
1265 1371 1422 1412 queren-

206 1422 399 1466 tibus**²'‘*.
419 1423 1002 1464 Infinemliteratinomenlibens
1013 1437 1127 1476 pono,
1149 1434 1186 1465 et
1201 1424 1274 1464 iam
1295 1424 1420 1476 posui,

207 1487 238 1527 si
258 1487 470 1541 indignum,
492 1498 532 1528 ut
552 1489 698 1528 ueritati
720 1489 1024 1541 conscientieque
1049 1488 1291 1535 satisfaciam,
1323 1488 1422 1528 alio-

205 1552 298 1604 quin
319 1563 358 1592 ut
378 1552 531 1592 inuidie.
555 1558 608 1592 De
622 1566 660 1592 re
671 1562 796 1593 autem
818 1553 1016 1606 posteritas
1037 1553 1306 1604 uiderit(280)‚
1321 1553 1350 1593 si
1371 1553 1419 1592 ad

208 1618 309 1657 illam
329 1617 426 1657 fame
444 1618 616 1670 passibus
637 1632 865 1670 peruener03
889 1618 1067 1667 siminus,
1081 1618 1238 1660 obliuio.
1262 1617 1420 1667 viderit,

207 1682 374 1734 inquam,
400 1683 599 1735 posteritas
634 1683 860 1736 incorrupta,
886 1696 998 1736 quam
1023 1683 1072 1723 ab
1102 1683 1267 1736 equitate
1290 1682 1418 1734 iudicii

209 1760 284 1786 non
302 1747 511 1787 animorum
532 1748 761 1799 perturbatio
784 1748 872 1796 ulla,
899 1761 973 1788 non
993 1747 1134 1796 odium,
1157 1760 1231 1787 non
1251 1747 1319 1793 ira,
1345 1760 1421 1786 non

206 1825 325 1861 amor,
349 1812 530 1865 liuorque,
554 1813 630 1852 ueri
651 1813 792 1861 hostes,
816 1813 1035 1865 impedient.
1058 1812 1201 1852 Viderit
1217 1811 1293 1862 illa,
1314 1812 1345 1852 si
1361 1825 1422 1851 me

207 1876 383 1927 nouerit3
408 1877 549 1917 iudices
580 1878 677 1917 enim
709 1890 811 1917 meos
849 1876 1098 1929 proculdubio
1114 1889 1191 1922 non
1215 1886 1419 1930 agnoscet;

205 1942 349 1994 quippe
370 1955 466 1994 quos
486 1955 554 1983 nec
575 1952 654 1982 etas
685 1942 751 1982 hec
773 1942 933 1989 nouerit,
961 1942 1024 1982 uix
1049 1941 1185 1982 uicinie
1205 1951 1314 1982 notos
1337 1954 1418 1982 sue.

249 2090 262 2104 ²*
286 2089 379 2129 Apres
395 2090 547 2129 crederem,
568 2091 594 2121 le
605 2090 692 2132 signe
710 2091 776 2130 de'ja
796 2091 894 2122 releve
913 2092 979 2131 plus
995 2092 1080 2123 haut.

249 2137 276 2152 *¹*
295 2137 352 2168 imo
372 2144 417 2168 est
431 2137 505 2169 ecrit
521 2138 597 2168 dans
618 2138 646 2168 la
664 2147 766 2178 marge
791 2138 829 2169 de
859 2138 965 2174 droite,
985 2138 1244 2170 immediatement
1262 2138 1279 2169 ὲ
1297 2139 1324 2170 la
1341 2139 1421 2170 suite

207 2183 249 2214 du
274 2191 337 2214 mot
360 2185 472 2216 omnia.

248 2231 291 2246 *¹*
312 2232 375 2262 Fol.
401 2241 432 2272 35
459 2239 496 2262 το.

249 2278 308 2293 ‘'⁵''
332 2278 427 2318 Apres
447 2280 635 2318 querentrbus,
657 2280 681 2310 le
698 2279 786 2320 signe
807 2279 874 2319 de'ja
902 2279 1012 2311 releve.
