1494 2600
608 237 810 286 ..69-

98 336 200 363 mum
221 322 425 376 impellere.
450 328 579 375 Neque
608 332 663 363 est
690 322 812 362 mirari
837 322 867 362 si
901 322 936 361 in
960 320 1167 362 excitandis
1195 330 1309 374 atque

96 388 284 441 erigendis
304 388 350 427 ad
383 387 557 428 uirtutem
583 387 717 427 animis
751 387 799 428 sit
830 382 990 440 parcior,
1023 386 1085 439 qui
1116 395 1307 439 parentem

99 452 335 505 philosophie
365 452 474 492 huius
507 457 694 492 Socratem
725 452 822 492 circa
856 452 1009 492 moralia
1035 451 1306 505 negotiantem,

97 528 139 558 ut
160 517 275 558 uerbo
294 517 372 557 eius
394 528 488 567 utar,
512 517 680 567 irriserit,
698 527 747 565 et,
770 517 800 557 si
814 517 903 569 quid
927 517 1095 557 Ciceroni
1114 518 1214 569 (212)
1233 529 1309 556 cre-

93 582 233 631 dimus,
251 583 518 635 contempserit
533 597 541 633 ;
554 582 727 634 quamuis
746 595 829 621 eum
844 582 905 622 ille
928 595 1003 621 non
1025 581 1161 624 minus.
1180 580 1307 622 Nostri

95 658 218 688 autem
251 647 360 699 (quod
391 660 501 687 nemo
534 647 651 686 nescit
679 650 886 700 expertus),
919 646 1158 687 acutissimos
1190 657 1305 700 atque

92 712 376 753 ardentissimos
396 712 574 752 orationis
594 712 744 752 aculeos
762 712 966 764 precordijs
986 712 1190 752 admouent
1211 711 1306 751 infli-

91 787 276 831 guntque,
291 777 427 829 quibus
448 787 483 817 et
503 790 636 830 segnes
657 777 910 829 impelluntur,
931 786 968 817 et
987 778 1154 831 algentes
1173 776 1304 816 incen-

90 842 247 892 duntur,
271 852 306 882 et
323 841 434 895 sopiti
453 841 674 887 excitantur,
687 852 723 882 et
740 841 895 882 inualidi
915 841 1122 891 firmantur,
1147 851 1180 882 et
1202 841 1305 897 strati

93 906 299 961 eriguntur,
337 917 374 947 et
415 907 515 946 humi
552 906 720 946 herentes
751 907 788 946 in
818 907 1021 947 altissimos
1051 907 1237 960 cogitatus
1269 917 1306 947 et

92 971 249 1012 honesta
269 971 451 1012 desideria
466 972 710 1022 attolluntur3
739 971 789 1012 ita
811 982 851 1012 ut
871 982 1015 1012 terrena
1035 971 1107 1011 iam
1129 972 1306 1012 sordeant

89 1046 129 1076 et
149 1047 350 1090 conspecta
370 1037 460 1077 uitia
482 1037 612 1089 ingens
638 1037 694 1076 sui
716 1036 858 1086 odium,
882 1037 999 1077 uirtus
1025 1037 1180 1077 internis
1197 1050 1304 1090 spec—

92 1111 168 1142 tata
188 1101 305 1142 oculis
327 1101 519 1155 formaque
548 1111 583 1142 et
610 1111 786 1154 tanquam
820 1102 966 1143 honesti
998 1102 1077 1142 uisa
1110 1101 1239 1152 facies,
1263 1112 1303 1143 ut

93 1167 175 1207 uult
202 1167 310 1207 Plato
326 1169 380 1218 (21
397 1168 445 1218 3),
469 1167 582 1207 miros
595 1167 790 1220 sapientie,
805 1167 918 1207 miros
939 1167 995 1207 sui
1009 1158 1299 1220 pariatamores.

91 1237 173 1286 Q1e
195 1231 280 1272 licet
300 1242 420 1284 preter
441 1232 550 1272 Cristi
572 1232 780 1272 doctrinam
801 1242 913 1285 atque
932 1233 1115 1273 auxilium
1146 1233 1302 1272 omnino

88 1296 168 1336 fieri
188 1310 262 1337 non
288 1310 399 1350 posse
427 1310 502 1337 non
535 1297 604 1337 sim
626 1298 931 1350 nescius,-neque
951 1300 1157 1350 sapientem
1181 1311 1302 1350 neque

88 1362 299 1402 uirtuosum
342 1375 462 1415 neque
500 1362 638 1402 bonum
674 1362 836 1415 aliquem
874 1363 1044 1412 euadere,
1086 1363 1155 1403 nisi
1198 1365 1301 1417 largo

90 1427 239 1476 haustu,
276 1440 352 1478 non
394 1427 441 1467 de
478 1427 649 1467 fabuloso
688 1428 751 1468 illo
796 1433 979 1482 Pegaseo,
1014 1428 1078 1481 qui
1117 1438 1173 1469 est
1205 1428 1301 1469 inter

86 1505 256 1533 conuexa
278 1492 446 1543 Parnasi,
475 1493 538 1532 sed
559 1493 606 1532 de
627 1507 714 1533 uero
734 1493 798 1534 illo
821 1502 857 1533 et
878 1494 989 1534 unico
1018 1504 1054 1534 et
1081 1493 1242 1534 habente
1262 1493 1299 1533 in

85 1558 170 1598 celo
182 1558 369 1598 scatebras
388 1557 490 1598 fonte
511 1558 696 1610 potauerit
710 1572 806 1612 aque
823 1559 990 1600 salientis
1006 1559 1043 1599 in
1061 1559 1176 1599 uitam
1196 1569 1296 1600 eter-

85 1635 173 1662 nam
193 1637 202 1673 ;
220 1635 334 1675 quam
353 1622 416 1674 qui
438 1632 577 1676 gustat,
603 1623 764 1676 amplius
789 1637 863 1664 non
886 1624 978 1666 sitit.
1004 1625 1059 1663 Ad
1081 1624 1149 1664 hec
1174 1634 1297 1664 tamen

86 1687 168 1740 ipsa
183 1687 424 1741 pergentibus
437 1687 489 1727 illi
510 1687 598 1740 ipsi,
612 1701 706 1741 quos
719 1689 903 1739 dicebam,
923 1690 1080 1730 multum
1102 1688 1298 1730 conferunt

87 1753 338 1806 mul[tumque
361 1752 595 1804 adiuuant]*,
627 1754 727 1806 quod
756 1764 793 1795 et
812 1755 858 1794 de
879 1754 1006 1795 multis
1036 1768 1163 1794 eorum
1192 1754 1296 1794 libris

87 1817 194 1858 multi
205 1817 384 1864 sentiunt,
396 1828 431 1858 et
445 1818 527 1858 de**
540 1818 728 1859 Ciceronis
742 1819 942 1860 Hortensio
957 1822 988 1872 (z
1003 1821 1058 1871 ¹4)
1074 1819 1294 1860 nominatim

87 1881 124 1922 in
137 1895 177 1922 se
191 1893 362 1935 expertus
382 1893 487 1936 grate
502 1883 703 1923 admodum
719 1884 912 1936 profitetur
924 1885 1157 1938 Augustinus
1170 1887 1225 1937 (21
1242 1885 1291 1937 5).

87 1947 165 1987 Etsi
186 1946 283 1987 enim
314 1961 387 1988 non
408 1947 511 1988 sitin
538 1948 674 1989 uirtute
699 1948 782 1989 finis
807 1958 945 1999 noster,
970 1949 1032 1990 ubi
1060 1963 1144 1990 eum
1169 1949 1293 2002 philo-

87 2010 194 2064 sophi
216 2025 388 2064 posuere,
415 2022 471 2053 est
497 2023 620 2053 tamen
641 2027 706 2066 per
728 2013 885 2055 uirtutes
906 2014 974 2054 iter
994 2025 1135 2055 rectum
1165 2028 1208 2055 eo
1230 2013 1293 2054 ubi

83 2074 169 2116 finis
187 2086 243 2117 est
264 2087 388 2118 noster
407 2092 416 2129 ;
439 2091 503 2132 per
524 2077 693 2129 uirtutes,
717 2079 882 2132 inquam,
905 2093 979 2120 non
1000 2090 1145 2121 tantum
1164 2079 1294 2134 cogni-

122 2232 137 2296 :
160 2237 213 2264 Le:
235 2234 367 2276 syllabes
391 2242 476 2267 entre
494 2236 628 2267 crochets
649 2242 719 2267 sont
746 2236 853 2268 e‘crites
881 2247 933 2268 sur
953 2247 992 2269 un
1012 2244 1164 2279 grattage.

139 2281 150 2296 ⁴
174 2281 237 2312 Fol.
260 2290 295 2322 25
315 2289 357 2313 νῦ.
