1494 2600
192 328 266 354 non
290 315 430 366 aliquid
458 314 563 354 deest
591 314 734 366 primis,
761 324 798 355 et
822 315 1030 355 nouissimo
1058 315 1268 355 defuturum
1299 316 1392 358 est*.

246 380 314 419 Sed
338 380 403 419 hec
423 379 618 419 hactenus.
649 380 747 428 Scio,
772 389 812 419 ut
832 380 925 427 dixi,
946 380 1079 419 durum
1112 393 1170 419 me
1198 379 1296 420 fame
1315 393 1396 420 sco·

193 445 322 496 pulum
342 444 479 490 adisse,
498 453 686 483 tantorum
707 457 782 484 non
808 444 920 484 modo
948 445 1137 485 mentione
1157 444 1398 497 philosopho-

192 523 286 558 rum,
313 509 376 548 sed
401 508 681 560 comparatione
701 510 906 561 proposita.
935 509 1067 549 Stilum
1089 519 1212 550 tamen
1236 510 1395 559 obiecta,

191 587 260 614 nec
283 573 430 620 reiecta,
458 582 609 613 excuset
639 574 863 626 ignorantia,
884 574 1044 614 audaces
1075 574 1197 614 facere
1223 574 1336 614 solita·
1362 584 1397 615 et

192 640 382 691 loquaces.
405 644 525 678 Metus
545 638 748 678 amittende
773 639 890 691 glorie
916 649 980 679 aut
1005 639 1167 679 nominis
1189 638 1393 688 minuendi,

191 703 334 743 frenare
358 703 489 743 solitus
509 713 687 751 oratores,
708 703 911 743 amicorum
935 703 1044 743 michi
1066 704 1226 744 demitur
1243 701 1391 744 senten-

191 769 262 808 tia:
282 768 370 820 quid
394 778 570 817 metuam,
593 768 738 820 queso?
761 773 843 808 Non
864 779 988 820 potest
1006 768 1126 820 perdi,
1148 782 1216 808 nec
1237 769 1393 808 michi**

191 833 263 872 iam
292 833 406 872 minui
436 833 535 885 quod
568 833 745 872 amissum
773 843 842 874 est.
879 833 1063 887 Quicquid
1098 833 1240 883 dixero,
1266 843 1330 874 aut
1359 834 1393 873 id

193 898 261 938 erit
290 899 390 950 quod
420 898 530 937 amici
561 900 630 937 mei
662 897 840 947 iudicant,
869 908 933 939 aut
966 899 1050 950 plus
1081 898 1237 951 aliquid,
1274 898 1396 938 minus

191 964 346 1013 nichilo,
376 962 489 1003 nichil
523 973 592 1004 est.
618 963 776 1017 Quando
802 976 905 1016 ergo,
928 963 1097 1016 quolibet
1127 964 1215 1003 flatu
1248 964 1393 1015 pulsus,

192 1029 263 1068 huc
295 1028 430 1080 prodii,
464 1041 648 1081 emergam
679 1038 719 1068 ut
748 1038 892 1080 potero,
916 1037 952 1068 et
984 1028 1019 1067 id
1050 1028 1187 1075 dicam,
1207 1028 1307 1080 quod
1332 1041 1390 1067 me

192 1107 279 1146 sepe
307 1103 343 1133 et
375 1093 558 1132 interdum
590 1093 735 1146 magnis
766 1093 1017 1145 quesitoribus
1050 1093 1286 1144 respondisse
1318 1106 1394 1132 me—

192 1172 271 1198 mor
289 1171 385 1198 sum.
414 1157 602 1210 Siquidem
630 1158 675 1197 de
698 1158 856 1198 Platone
875 1168 911 1198 et
931 1157 1122 1198 Aristotile
1145 1158 1175 1197 si
1202 1167 1391 1209 queratur,

190 1223 361 1275 quisnam
387 1222 503 1262 maior
525 1222 733 1274 clariorque
757 1223 813 1262 uir
832 1222 955 1271 fuerit,
982 1235 1056 1262 non
1081 1222 1192 1262 michi
1214 1232 1317 1262 tanta
1337 1232 1392 1262 est

191 1287 414 1341 ignorantia,
439 1287 507 1327 etsi
529 1288 681 1327 multam
704 1287 846 1327 iudices
867 1287 938 1327 mei
959 1287 1138 1335 tribuant,
1163 1297 1204 1327 ut
1225 1296 1328 1327 tanta
1349 1287 1396 1327 de

190 1366 228 1392 re
257 1352 477 1404 precipitare
504 1352 623 1391 ausim
645 1352 880 1399 sententiam,
905 1365 977 1404 que
1003 1352 1050 1392 de
1070 1352 1180 1392 rebus
1201 1352 1288 1392 licet
1307 1364 1394 1403 par-

189 1417 246 1456 uis
278 1416 500 1457 continenda
534 1430 578 1456 ac
616 1417 784 1457 libranda
817 1427 886 1458 est.
929 1422 1058 1469 Neque
1090 1430 1178 1456 uero
1211 1430 1270 1456 me
1300 1415 1396 1469 fugit

188 1492 327 1534 quanta
350 1494 439 1533 sepe
457 1482 503 1521 de
523 1481 644 1522 doctis
664 1482 876 1522 hominibus
897 1482 992 1522 inter
1011 1482 1143 1522 doctos
1164 1481 1394 1522 concertatio

188 1547 236 1586 sit
258 1556 400 1595 exorta,
427 1547 472 1586 de
494 1547 671 1587 Cicerone
694 1560 738 1587 ac
763 1547 1149 1598 Demosthene(z37⁸„
1172 1546 1294 1598 deque
1310 1546 1393 1599 ipso

188 1611 315 1651 itidem
329 1611 506 1651 Cicerone
521 1624 564 1651 ac
574 1611 730 1665 Virgilio
747 1615 779 1663 (2
792 1612 866 1662 38),
881 1612 927 1651 de
946 1611 1100 1665 Virgilio
1117 1611 1268 1664 insuper
1284 1620 1396 1663 atque

190 1680 350 1716 Homero
372 1678 493 1728 (239),
528 1677 575 1716 de
607 1677 767 1717 Salustio
796 1690 839 1716 ac
861 1676 1068 1716 Tuchidide
1091 1678 1210 1727 (240),
1233 1676 1396 1728 denique

187 1741 233 1780 de
267 1742 424 1782 Platone
443 1742 526 1794 ipso
547 1751 583 1782 et
602 1741 862 1794 condiscipulo
883 1742 962 1781 eius
984 1741 1256 1793 Xenophonte,
1272 1741 1392 1793 deque

186 1806 270 1856 alijs
292 1806 432 1847 multis.
469 1811 632 1860 Qorum
665 1805 830 1846 omnium
863 1806 894 1845 si
926 1806 1063 1859 indago
1090 1805 1254 1846 difficilis
1279 1814 1393 1858 atque

187 1869 378 1910 extimatio
390 1883 526 1923 anceps
538 1880 607 1919 est,
623 1870 718 1911 inter
730 1871 924 1910 Platonem
936 1881 1049 1923 atque
1067 1870 1295 1910 Aristotilem
1307 1870 1391 1922 quis

186 1935 318 1975 sedens
352 1935 543 1975 iudiciaria
569 1935 769 1976 autoritate
797 1935 1042 1988 pronuntiet?
1079 1941 1126 1975 At
1160 1935 1190 1974 si
1225 1935 1392 1986 queritur

186 2010 266 2040 uter
305 2000 353 2041 sit
386 2000 582 2050 laudatior,
615 2000 850 2041 incuntanter
875 2000 1071 2051 expediam
1104 2000 1198 2040 inter
1233 1999 1300 2039 hos
1330 2013 1390 2040 re-

184 2064 291 2114 ferre,
315 2075 494 2117 quantum
527 2079 597 2118 ego
628 2065 800 2115 arbitror,
827 2065 927 2117 quod
957 2065 1052 2105 inter
1083 2065 1191 2114 duos,
1227 2077 1387 2116 quorum

224 2178 238 2192 *
257 2181 335 2208 Tout
353 2187 385 2208 ce
399 2187 537 2219 passage,
553 2178 680 2218 depuis:
703 2178 781 2219 Quid
799 2187 918 2213 verom,
936 2185 981 2209 est
994 2177 1068 2208 e'crit
1085 2187 1123 2208 au
1140 2179 1191 2208 bas
1203 2177 1239 2208 de
1253 2178 1279 2208 la
1299 2187 1389 2218 page,

183 2234 255 2255 avec
280 2234 320 2255 un
344 2226 448 2256 renvoi
469 2225 545 2255 dans
566 2226 592 2255 le
610 2232 702 2257 texte.

224 2272 252 2287 ²⁸¹*
275 2272 337 2303 Fol.
362 2281 399 2312 27
420 2279 463 2302 νο.
