1494 2600
643 194 853 232 -88-

146 282 261 335 genti.
277 287 369 322 Vere
381 281 476 321 enim
492 282 678 334 quisquis,
697 282 823 322 fauore
839 283 1020 334 seposito,
1039 296 1114 335 quo
1131 293 1167 323 et
1183 282 1356 323 fallimus

148 356 184 386 et
201 346 366 386 uicissim
394 346 570 394 fallimur,
593 347 805 400 apertisque
825 347 943 387 oculis
967 361 1023 387 res
1043 360 1129 387 suas
1153 348 1354 400 aspexerit,

149 411 264 451 multa
287 411 323 450 in
341 424 380 451 se
408 411 540 455 flenda,
562 412 700 464 *pauca
720 412 921 451 admodum
952 412 1162 464 plaudenda
1184 412 1353 464 reperiet.

151 475 221 514 Sed
248 476 396 515 omissis
431 489 589 528 quorum
619 476 768 529 grauior
800 487 855 517 est
886 477 1049 529 querela,
1083 477 1129 516 de
1157 476 1362 517 uirtutibus

151 541 297 592 loquor,
317 541 362 580 ad
384 540 578 580 scientiam
601 551 841 583 reuertamur.
867 546 940 580 lam
967 541 1056 594 quid
1077 541 1186 594 inops
1206 541 1362 594 perdere

153 615 308 655 metuat,
343 606 406 645 ubi
438 607 500 659 qui
536 607 718 646 habentur
759 606 933 646 ditissimi
965 620 1052 646 uere
1085 607 1216 659 inopes
1247 606 1364 646 sunt?

155 670 343 723 Siquidem
369 671 406 710 in
429 671 496 711 hac
516 671 596 723 ipsa
624 671 858 723 portiuncula
888 671 1074 711 scibilium
1101 684 1220 711 rerum
1241 671 1362 723 philo·
1423 718 1429 722 ,

155 737 356 788 sophamur
396 736 650 782 tumidissimi‚
693 746 728 776 et
761 735 1022 788 inquietissimi
1053 736 1290 785 dissidemus,
1325 744 1389 776 et'

157 814 291 854 magne
308 802 410 841 uelut
430 801 554 853 specie
573 801 770 841 scientie*
786 800 1034 853 superbimus.
1059 805 1174 853 Inque
1194 801 1250 840 his
1270 800 1365 853 ipsis

156 866 339 919 angustiis
373 866 437 918 qui
475 866 624 905 maximi
665 866 775 905 etiam
812 875 898 906 sunt
933 875 1140 914 uersantur‚
1175 875 1212 906 et
1245 877 1364 917 pauca

159 930 318 970 scientes
340 931 454 971 multa
475 931 659 977 nesciunt,
683 941 718 970 et
738 931 881 970 nescire
905 944 957 978 se,
977 930 1048 970 nisi
1066 930 1270 980 insaniant,
1290 942 1368 969 non

158 995 344 1044 nesciunt,
381 996 692 1047 verissimumque
718 1006 774 1035 est
804 995 1084 1035 Ciceronianum
1118 994 1224 1044 illud,
1263 994 1365 1047 quod

158 1060 318 1112 quisque
345 1061 471 1113 grauis
499 1060 743 1113 philosophus
767 1061 883 1100 multa
905 1059 975 1099 sibi
1014 1059 1143 1100 deesse
1173 1059 1369 1112 cognoscit

163 1128 283 1176 (273);
295 1138 405 1177 quem
426 1125 625 1173 defectum,
644 1139 720 1177 quo
731 1125 889 1178 quisque
903 1125 1025 1164 minus
1042 1124 1229 1178 intelligit,
1246 1124 1369 1164 minus

162 1189 274 1229 sentit
284 1200 322 1230 et
339 1200 444 1230 curat
463 1190 584 1229 minus
599 1203 608 1240 3
626 1190 784 1242 ideoque
800 1189 1038 1229 doctissimos
1059 1189 1220 1228 maxime
1239 1188 1372 1228 uideas

163 1253 329 1293 discendi
350 1254 496 1303 auidos,
519 1264 555 1294 et
573 1254 733 1294 maxime
753 1251 1281 1307 ignorantiam'negligentem.

218 1323 313 1359 Sane
339 1320 376 1358 in
402 1320 471 1359 hac
499 1330 600 1359 tanta
633 1319 788 1359 scientie
811 1318 952 1371 inopia,
975 1318 1038 1358 ubi
1070 1318 1268 1370 implumes
1291 1319 1374 1358 alas

165 1394 278 1424 uento
297 1384 417 1437 aperit
437 1385 595 1423 humana
627 1384 813 1436 superbia,
836 1396 948 1436 quam
969 1383 1179 1436 frequentes
1205 1393 1242 1423 et
1259 1395 1374 1436 quam

166 1449 247 1488 duri
283 1449 451 1501 scopuli!
487 1459 581 1502 quot
616 1462 803 1502 quamque
836 1447 990 1488 ridicule
1028 1447 1374 1500 philosophantium

166 1514 374 1554 uanitates!
397 1524 536 1567 quanta
568 1514 786 1566 opinionum
815 1513 1069 1562 contrarietas,
1088 1523 1227 1565 quanta
1260 1512 1372 1565 perti-

167 1579 288 1628 nacia,
302 1589 440 1631 quanta
458 1579 643 1632 proteruia
660 1579 667 1618 ἔ
687 1579 751 1631 qui
766 1589 949 1618 sectarum
969 1590 1158 1626 numerus,
1180 1590 1253 1629 que
1271 1577 1374 1616 diffe-

167 1644 297 1693 rentie,
340 1657 499 1696 quenam
538 1644 648 1693 bella,
689 1653 828 1696 quanta
867 1656 986 1682 rerum
1021 1641 1261 1695 ambiguitas,
1301 1655 1380 1694 que

168 1709 365 1748 uerborum
381 1709 607 1761 perplexitas
621 1709 628 1747 !
642 1721 753 1761 quam
769 1707 965 1760 profunde,
981 1719 1168 1759 quamque
1178 1707 1375 1746 inaccessi-

169 1773 262 1814 biles
282 1774 359 1813 ueri
389 1773 541 1821 latebre,
564 1783 656 1825 quot
685 1771 820 1813 insidie
842 1771 1092 1825 sophistarum
1119 1771 1219 1811 omni
1252 1770 1381 1811 studio

169 1839 246 1878 ueri
264 1839 332 1879 iter
349 1838 525 1892 uepribus
544 1851 610 1878 ceu
627 1838 851 1891 quibusdam
863 1836 1150 1885 obstruendum,
1167 1846 1207 1876 ut
1218 1845 1379 1888 nequeat

169 1903 372 1944 internosci
392 1904 477 1956 quis
498 1904 586 1943 illuc
608 1903 743 1943 rectior
753 1901 1018 1953 trames-ferat
1038 1902 1046 1940 !
1074 1906 1193 1954 Quam
1215 1900 1264 1940 ob
1292 1913 1376 1941 cau-

170 1981 248 2008 sam
281 1973 371 2009 Cato
404 1969 534 2017 maior,
569 1978 610 2008 ut
648 1968 835 2017 nouimus,
867 1967 1079 2020 pellendum
1112 1965 1259 2006 censuit
1289 1965 1383 2006 urbe

172 2030 399 2075 Carneadem
418 2038 537 2085 (274).
562 2038 727 2088 Qenam
751 2042 939 2085 postremo
959 2032 1026 2072 hec
1046 2029 1245 2071 inter‘hinc
1262 2040 1378 2072 teme·

151 2205 155 2208 ⁴
210 2193 224 2207 ’
246 2193 309 2223 Fol.
338 2201 350 2211 ⁵
391 2199 430 2223 10.

210 2240 238 2255 ⁸*
261 2244 299 2270 Le
317 2201 380 2270 ῐῐῖἒῑ
397 2240 513 2270 scientie
532 2245 578 2270 est
593 2238 666 2270 ecrit
686 2238 762 2269 dans
775 2239 802 2269 la
818 2246 920 2278 marge
937 2237 974 2268 de
993 2237 1123 2278 gauche-
