1494 2600
692 180 903 218 „32-

188 257 420 306 terminetur,
443 269 515 309 qua
537 269 581 296 ex
609 266 713 309 parte
734 269 833 296 nunc
863 257 1017 306 scimus,
1043 267 1173 298 nature
1191 260 1401 300 communis

189 321 430 362 extimatione
450 322 637 363 consolor.
662 321 777 374 quue
803 321 976 361 omnibus
1007 321 1113 362 bonis
1144 335 1188 362 ac
1220 324 1400 364 modestis

190 386 350 438 ingenijs
368 385 515 426 euenire
532 386 704 434 arbitror,
725 395 766 426 ut
786 396 993 439 agnoscant
1006 399 1046 426 se
1067 387 1205 439 pariter
1221 400 1265 428 ac
1278 389 1399 429 solen-

191 461 263 491 tur.
290 451 355 490 His
385 450 495 490 etiam
528 450 663 502 quibus
695 452 826 504 ingens
856 450 994 504 obtigit
1007 451 1177 501 scientia,
1197 453 1399 493 secundum

193 515 351 554 humane
368 515 523 555 scientie
547 529 687 555 morem
702 516 849 567 loquor,
881 529 955 568 que
974 515 1011 555 in
1026 529 1066 556 se
1085 529 1232 569 semper
1247 518 1398 572 exigua,

192 593 259 632 pro
282 580 466 633 angustiis
483 580 620 632 quibus
640 580 863 632 excipitur*‚
887 590 922 620 et
941 581 1076 620 collata
1087 581 1171 633 alijs
1190 582 1322 636 ingens
1342 582 1398 625 fit.

194 645 371 697 Alioquin
393 646 629 697 quantulum,
651 658 782 697 queso,
805 655 873 694 est,
887 655 1192 699 quantucumque
1207 657 1279 696 est,
1300 648 1401 700 quod

193 723 305 750 nosse
326 710 387 750 uni
416 710 565 763 ingenio
591 711 719 750 datum
743 710 825 750 est?
845 714 922 750 Imo
949 723 1061 762 quam
1084 711 1198 751 nichil
1228 722 1284 752 est
1308 712 1404 752 scire

195 775 369 824 hominis,
395 775 566 827 quisquis
595 774 658 823 sit,
681 774 711 814 si
734 787 810 814 non
833 774 955 814 dicam
977 775 1131 815 scientie
1152 776 1236 825 Dei,
1256 777 1320 816 sed
1345 777 1403 816 sui

195 839 313 892 ipsius
333 840 553 893 ‘ignorantie
589 839 849 891 comparetur?
870 844 914 880 Et
945 840 1041 880 hanc
1070 839 1126 880 sui
1150 841 1403 894 cognitionem

196 917 239 944 ac
280 905 427 957 proprie
461 904 752 957 imperfectionis
783 904 1078 952 extimationem,
1119 905 1252 958 suique
1286 906 1406 958 ipsius

196 983 308 1022 quam
335 969 410 1009 dixi
445 970 753 1019 consolationem,
788 969 844 1009 his
874 969 1035 1010 maxime
1063 970 1126 1022 qui
1162 971 1246 1022 plus
1283 971 1407 1011 sciunt
1469 997 1474 1000 -

198 1035 357 1087 plusque
390 1034 603 1087 intelligunt
627 1034 747 1074 inesse
766 1047 928 1088 auguror
939 1033 990 1076 **.
1025 1035 1167 1076 Felices
1191 1049 1315 1076 errore
1338 1049 1408 1075 suo
1441 1071 1445 1073 .

198 1099 340 1139 iudices
356 1098 487 1138 mei***
503 1099 567 1151 qui
583 1099 838 1139 huiuscemodi
854 1099 1204 1157 consolationeZnon
1218 1100 1404 1156 indigent!

202 1164 357 1212 Felices,
393 1163 560 1216 inquam,
592 1177 666 1204 non
690 1164 861 1212 scientia,
890 1164 953 1204 sed
988 1177 1110 1204 errore
1129 1160 1185 1205 *et
1198 1165 1407 1218 ignorantia

201 1229 404 1282 arroganti,
433 1229 496 1281 qui
518 1229 588 1268 sibi
608 1229 654 1268 ad
674 1228 882 1282 angelicam
904 1229 1098 1269 scientiam
1118 1229 1170 1269 nil
1191 1229 1321 1270 deesse
1338 1243 1408 1270 au-

202 1303 360 1341 tumant,
398 1307 481 1333 cum
514 1294 559 1333 ad
603 1293 801 1332 humanam
835 1294 964 1345 procul
988 1293 1104 1334 dubio
1139 1293 1262 1334 desint
1294 1295 1409 1335 multa

202 1359 375 1399 omnibus
416 1369 453 1399 et
493 1359 619 1399 multis
655 1358 794 1399 omnia.
836 1358 906 1398 Sed
934 1359 980 1398 ad
1005 1357 1143 1398 mem*
1164 1369 1342 1401 reuertor.
1367 1364 1411 1399 Et

202 1424 295 1463 heu!
333 1423 466 1473 amice,
504 1424 594 1476 quid
628 1436 702 1463 non
741 1423 827 1463 mali
867 1423 974 1464 affert
1011 1423 1088 1464 uita
1127 1424 1299 1477 longior?
1344 1425 1410 1465 Cui

203 1503 364 1542 unquam
383 1499 458 1530 tam
473 1489 578 1529 firma
598 1489 823 1542 prosperitas
836 1489 906 1530 fuit
917 1489 1022 1539 m,
1045 1499 1086 1530 ut
1101 1503 1175 1530 non
1187 1491 1413 1544 quandoque

205 1555 466 1605 uaria[ueritet
475 1555 589 1574 ******
607 1554 713 1607 quasi
729 1554 905 1605 uiuendo]
918 1554 1050 1574 m*
1069 1554 1256 1595 senuerit?
1276 1559 1412 1595 Senes·
1469 1568 1473 1572 ·

205 1630 293 1661 cunt
305 1620 487 1669 homines,
499 1630 699 1660 senescunt
710 1619 872 1667 fortune,
887 1629 1086 1660 senescunt
1095 1619 1193 1659 fame
1205 1619 1412 1670 hominum,

248 1791 261 1805 ⁸
285 1790 449 1830 petrasque
467 1789 549 1820 avait
562 1789 686 1820 d’abord
702 1789 758 1820 mis
779 1788 816 1820 ici
835 1799 876 1819 un
894 1788 990 1829 point,
1011 1787 1086 1829 qu’il
1104 1797 1120 1819 a
1140 1788 1259 1820 ensuite
1279 1788 1347 1820 biffe‘
1363 1798 1418 1829 par

207 1847 267 1869 une
284 1838 377 1878 petite
397 1838 482 1869 barre
501 1837 654 1868 verticale.

247 1885 275 1901 *’
297 1889 337 1916 Ce
358 1891 420 1915 mot
438 1891 484 1915 est
502 1884 576 1915 ecrit
598 1893 650 1914 sur
670 1893 710 1914 un
731 1890 870 1924 grattage
889 1890 918 1914 et
935 1883 1014 1914 suivi
1033 1882 1106 1914 d’un
1130 1882 1229 1923 point.

247 1932 289 1948 ⁴²⁴*
313 1933 353 1963 lci
376 1933 541 1971 Petrarque
561 1931 642 1961 avait
661 1930 716 1961 mis
743 1940 784 1961 un
816 1931 902 1970 point
929 1929 1004 1970 qu’il
1031 1939 1047 1961 a
1074 1929 1141 1961 biffe
1158 1939 1213 1971 par
1238 1939 1298 1961 une
1324 1929 1420 1970 petite

208 1981 293 2011 barre
312 1979 464 2010 verticale.

247 2027 303 2042 Μ’*
325 2036 368 2057 me
387 2036 439 2057 sur
455 2036 494 2057 un
514 2032 663 2067 grattage.

247 2073 317 2089 *Μ*
336 2074 499 2114 Petrarque
513 2073 594 2104 avait
607 2073 664 2103 mis
678 2072 716 2103 ici
728 2081 767 2103 un
786 2071 871 2112 point
885 2070 960 2112 qu'il
971 2080 988 2102 a
1000 2071 1068 2103 biffe
1079 2080 1133 2112 par
1143 2080 1204 2102 une
1221 2071 1315 2111 petite
1332 2070 1419 2102 barre

207 2122 362 2152 verticale.

248 2168 332 2183 m*
356 2169 419 2199 Fol.
442 2168 459 2198 8
480 2171 524 2198 v⁰.

249 2215 346 2231 ”W
368 2219 421 2246 Les
442 2222 519 2246 mots
539 2222 624 2246 entre
644 2215 778 2246 crochets
794 2220 863 2244 sont
882 2212 971 2244 ecrits
989 2222 1042 2244 sur
1057 2222 1099 2243 un
1118 2218 1270 2254 grattage.
