1494 2600
122 305 164 344 si
183 303 276 344 falsa
296 312 352 343 est
370 302 534 351 infamia,
546 303 623 343 cito
638 303 795 350 desinet,
810 302 908 354 apud
923 302 1024 354 ipsos
1037 301 1147 341 etiam
1159 310 1333 340 auctores

124 369 291 411 infamie,
313 369 401 408 dum
429 368 517 420 quid
539 367 700 408 dixerint
722 367 949 407 ruminantes
974 366 1093 419 pudor
1120 366 1333 407 inua*serit.

127 434 237 487 Apud
254 434 348 474 alios
368 433 465 473 enim
487 446 554 472 nec
574 432 727 484 incipiet
746 432 912 485 quidem,
934 444 1001 471 nec
1021 431 1067 470 ad
1085 444 1195 483 quem
1209 430 1340 471 diuer-

84 498 95 513 “’
125 507 181 539 tat
201 508 332 551 patens
354 499 463 538 limen
485 498 585 538 docti
611 497 772 538 hominis
792 506 980 549 repertura
998 506 1067 537 est.
1090 496 1152 536 Sin
1175 508 1261 536 uera
1283 503 1340 535 est

124 563 239 610 fama,
262 564 351 616 quid
373 563 684 617 tergiuersamur?
706 567 762 602 An
783 574 908 601 amore
932 561 1016 601 uani
1043 560 1204 601 nominis
1231 560 1338 600 labe-

123 629 265 669 factare
287 628 445 668 solidam
477 628 628 668 nitimur
649 626 912 668 ueritatem?**
935 626 1031 682 Qid
1058 636 1115 666 est
1142 635 1268 666 autem
1302 625 1340 665 in

124 694 198 734 hoc
213 694 309 746 ipso,
329 693 429 745 quod
453 705 677 746 magnopere
687 705 909 745 generosum
930 692 1098 731 animum
1121 701 1157 731 et
1177 691 1339 730 humana

124 768 344 799 noscentem
366 768 402 798 et
421 758 571 798 celestia
592 757 839 810 suspirantem
858 757 1058 809 torqueat?
1082 761 1177 796 Dum
1198 756 1341 810 cogitat

126 824 351 876 metiturque
370 823 590 875 quantulum
612 832 681 871 est,
702 835 814 874 quarn
834 822 972 861 nichilo
988 821 1212 873 proximum,
1232 820 1333 873 quod

126 901 202 928 non
221 888 343 928 dicam
368 901 462 927 unus
481 889 647 939 alterque
667 887 928 940 philosophus,
955 899 1083 926 eorum
1104 899 1256 939 quoque
1273 886 1338 938 qui

122 953 375 993 clarissimum
408 953 562 992 scientie
598 965 735 992 nomen
774 951 924 1001 habent,
963 951 1027 991 sed
1063 951 1172 991 simul
1212 964 1340 990 omnes

128 1028 279 1066 norunt,
297 1031 486 1070 quamque
512 1018 619 1057 exilis
651 1030 773 1057 rerum
806 1017 928 1069 portio
951 1016 1118 1056 omnium
1149 1015 1339 1055 hominum

123 1083 298 1130 scientia,
317 1083 375 1122 uel
397 1082 557 1122 humane
580 1082 790 1136 ignorantie
811 1082 868 1121 uel
890 1081 1017 1121 diuine
1038 1081 1220 1133 sapientie
1241 1094 1339 1121 com-

127 1157 272 1201 parata.
295 1147 410 1188 Dabis
447 1148 507 1187 hic
544 1148 671 1196 michi,
711 1147 847 1197 amice,
886 1159 1027 1194 aurem,
1068 1147 1176 1186 dabis
1209 1146 1337 1191 fidem,
1368 1196 1371 1197 ⁷

124 1223 242 1266 atque
279 1212 350 1253 hoc
376 1226 451 1253 non
481 1226 608 1252 recens
638 1221 675 1252 et
703 1225 802 1252 nunc
831 1212 991 1264 primum
1024 1212 1069 1251 ad
1102 1225 1143 1251 os
1171 1211 1339 1260 ueniens,

130 1278 195 1318 sed
215 1291 304 1331 sepe
334 1278 490 1327 dictum,
511 1277 636 1330 sepius
656 1277 862 1331 cogitatum
892 1277 1020 1316 credes
1039 1291 1045 1316 :
1066 1289 1343 1329 ,quemcumque

128 1342 262 1382 horum
281 1343 346 1395 qui
379 1356 512 1396 magna
543 1342 697 1383 scientie
729 1341 827 1381 fama
861 1351 961 1391 sunt,
986 1355 1049 1381 seu
1080 1352 1244 1382 ueterum
1278 1354 1342 1381 seu

127 1419 327 1456 nouorum,
368 1421 413 1447 ex
454 1409 518 1448 illo
563 1406 763 1447 illustrium
802 1420 916 1460 grege
959 1417 995 1446 et
1033 1407 1225 1446 nominum
1261 1406 1344 1446 luce

131 1473 333 1513 secreueris
367 1483 404 1513 et
441 1472 640 1526 diligenter
672 1472 893 1520 excusseris,
933 1471 1114 1518 inuenies,
1154 1472 1184 1511 si
1223 1485 1343 1511 rerum

129 1537 283 1586 ueritas,
303 1550 378 1577 non
405 1538 596 1577 hominum
629 1538 768 1577 clamor
801 1537 1011 1589 inspicitur,
1035 1537 1191 1577 scientie
1219 1537 1343 1576 modi-

127 1615 232 1651 cum,
249 1602 458 1656 ignorantie
478 1602 678 1654 plurimum
692 1602 887 1652 habuisse3
906 1601 1006 1654 quod
1025 1601 1142 1654 ipsos,
1160 1601 1342 1650 siadsint,

129 1679 202 1708 nec
225 1667 408 1722 ingenuus
429 1667 548 1719 pudor
572 1667 683 1716 absit,
705 1667 816 1719 plane
841 1666 1005 1707 fassuros
1026 1666 1136 1706 michi
1158 1667 1238 1719 ipse
1258 1680 1347 1719 per-

133 1732 299 1784 suade0;
320 1742 356 1773 et
377 1732 447 1773 hoc
459 1732 689 1772 Aristotilem
707 1732 924 1772 morientem
947 1732 1174 1785 ingemuisse
1193 1732 1345 1784 quidam

128 1796 267 1846 ferunt,
302 1807 343 1838 ut
380 1810 490 1837 nemo
522 1797 592 1837 sibi
631 1797 857 1846 blandiatur,
893 1807 956 1837 aut
986 1796 1142 1837 scientie
1171 1796 1349 1850 opinione

132 1861 338 1914 superbiat,
364 1863 427 1902 sed
449 1862 520 1901 deo
542 1862 681 1915 gratias
701 1872 802 1915 agat,
827 1863 856 1901 si
877 1861 967 1915 quid
989 1862 1021 1901 ei
1054 1861 1211 1902 forsitan
1232 1875 1346 1914 supra

130 1939 369 1967 communem
383 1927 532 1966 modum
545 1927 695 1980 obtigit.
714 1927 768 1966 Ad
785 1927 884 1979 quod
898 1927 1020 1979 ipsum
1033 1926 1258 1966 credendum
1272 1940 1349 1967 non
1409 1968 1413 1971 ,

76 1996 103 2036 :22⁷
130 1991 184 2031 sit
202 1992 326 2041 uelox,
350 1992 550 2044 potiusque
574 1992 644 2032 sibi
664 2005 776 2044 quam
796 1992 879 2043 alijs
900 1992 947 2031 de
968 2005 1006 2031 se
1038 1992 1179 2041 credat,
1203 1991 1350 2044 sibique

132 2069 210 2096 non
230 2056 414 2109 plausoris
441 2056 581 2106 blandi,
605 2057 668 2096 sed
702 2054 867 2097 censoris
900 2056 937 2096 in
971 2069 1010 2096 se
1031 2056 1139 2110 rigidi
1161 2056 1243 2097 uice
1263 2055 1351 2096 fun-

176 2215 191 2231 *
215 2217 276 2247 1³01.
367 2224 409 2247 νῦ.

174 2263 205 2279 **
229 2224 503 2303 Apreiizeritatem,
534 2265 560 2295 le
587 2263 672 2305 signe
692 2263 758 2303 deja
787 2264 882 2295 releve'
902 2264 1055 2304 plusieurs
1074 2263 1144 2295 fois.
