<?xml version="1.0" encoding="UTF-8"?>
<!DOCTYPE html PUBLIC "-//W3C//DTD XHTML 1.0 Transitional//EN"
    "http://www.w3.org/TR/xhtml1/DTD/xhtml1-transitional.dtd">
<html xmlns="http://www.w3.org/1999/xhtml" xml:lang="en" lang="en">
 <head>
  <title>
</title>
<meta http-equiv="Content-Type" content="text/html;charset=utf-8" />
  <meta name='ocr-system' content='tesseract 3.04.00' />
  <meta name='ocr-capabilities' content='ocr_page ocr_carea ocr_par ocr_line ocrx_word'/>
</head>
<body>
  <div class='ocr_page' id='page_1' title='image "./letraitdesuiip00petruoft/letraitdesuiip00petruoft_0090.png"; bbox 0 0 1494 2600; ppageno 0'>
   <div class='ocr_carea' id='block_1_1' title="bbox 647 219 857 266">
    <p class='ocr_par' dir='ltr' id='par_1_1' title="bbox 647 219 857 266">
     <span class='ocr_line' id='line_1_1' title="bbox 647 219 857 266; baseline -0.005 -19"><span class='ocrx_word' id='word_1_1' title='bbox 647 219 857 266; x_wconf 77' lang='lat'>..76-</span> 
     </span>
    </p>
   </div>
   <div class='ocr_carea' id='block_1_2' title="bbox 141 305 1390 1978">
    <p class='ocr_par' dir='ltr' id='par_1_2' title="bbox 141 305 1390 1912">
     <span class='ocr_line' id='line_1_2' title="bbox 146 305 1349 358; baseline 0.002 -14"><span class='ocrx_word' id='word_1_2' title='bbox 146 319 303 358; x_wconf 90' lang='lat' dir='ltr'>quorum</span> <span class='ocrx_word' id='word_1_3' title='bbox 327 305 451 357; x_wconf 84' lang='lat' dir='ltr'>aliqua</span> <span class='ocrx_word' id='word_1_4' title='bbox 472 305 638 344; x_wconf 92' lang='lat' dir='ltr'>nondum</span> <span class='ocrx_word' id='word_1_5' title='bbox 661 305 795 345; x_wconf 82' lang='lat' dir='ltr'>habeat</span> <span class='ocrx_word' id='word_1_6' title='bbox 816 305 945 358; x_wconf 87' lang='lat' dir='ltr'>lingua</span> <span class='ocrx_word' id='word_1_7' title='bbox 978 306 1108 347; x_wconf 91' lang='lat' dir='ltr'>latina.</span> <span class='ocrx_word' id='word_1_8' title='bbox 1141 310 1190 346; x_wconf 84' lang='lat' dir='ltr'>At</span> <span class='ocrx_word' id='word_1_9' title='bbox 1219 307 1349 347; x_wconf 86' lang='lat' dir='ltr'>Plate-</span> 
     </span>
     <span class='ocr_line' id='line_1_3' title="bbox 147 369 1350 423; baseline 0.002 -15"><span class='ocrx_word' id='word_1_10' title='bbox 147 383 246 419; x_wconf 88' lang='lat' dir='ltr'>nem,</span> <span class='ocrx_word' id='word_1_11' title='bbox 270 383 437 421; x_wconf 90' lang='lat' dir='ltr'>prorsum</span> <span class='ocrx_word' id='word_1_12' title='bbox 459 369 531 409; x_wconf 90' lang='lat' dir='ltr'>illis</span> <span class='ocrx_word' id='word_1_13' title='bbox 543 379 578 409; x_wconf 90' lang='lat' dir='ltr'>et</span> <span class='ocrx_word' id='word_1_14' title='bbox 593 369 823 423; x_wconf 87' lang='lat' dir='ltr'>incognitum</span> <span class='ocrx_word' id='word_1_15' title='bbox 845 369 1068 417; x_wconf 83' lang='lat' dir='ltr'>etinuisum,</span> <span class='ocrx_word' id='word_1_16' title='bbox 1091 370 1141 411; x_wconf 93' lang='lat' dir='ltr'>nil</span> <span class='ocrx_word' id='word_1_17' title='bbox 1155 371 1350 422; x_wconf 89' lang='lat' dir='ltr'>scripsisse</span> 
     </span>
     <span class='ocr_line' id='line_1_4' title="bbox 146 434 1347 487; baseline 0.002 -14"><span class='ocrx_word' id='word_1_18' title='bbox 146 444 327 483; x_wconf 83' lang='lat' dir='ltr'>asserunt,</span> <span class='ocrx_word' id='word_1_19' title='bbox 353 444 473 485; x_wconf 86' lang='lat' dir='ltr'>preter</span> <span class='ocrx_word' id='word_1_20' title='bbox 493 447 605 473; x_wconf 89' lang='lat' dir='ltr'>unum</span> <span class='ocrx_word' id='word_1_21' title='bbox 626 444 739 486; x_wconf 89' lang='lat' dir='ltr'>atque</span> <span class='ocrx_word' id='word_1_22' title='bbox 755 435 911 474; x_wconf 90' lang='lat' dir='ltr'>alterum</span> <span class='ocrx_word' id='word_1_23' title='bbox 934 434 1100 474; x_wconf 91' lang='lat' dir='ltr'>libellum</span> <span class='ocrx_word' id='word_1_24' title='bbox 1120 448 1129 485; x_wconf 93' lang='lat'>;</span> <span class='ocrx_word' id='word_1_25' title='bbox 1150 436 1250 487; x_wconf 93' lang='lat' dir='ltr'>quod</span> <span class='ocrx_word' id='word_1_26' title='bbox 1273 449 1347 475; x_wconf 96' lang='lat' dir='ltr'>non</span> 
     </span>
     <span class='ocr_line' id='line_1_5' title="bbox 146 499 1390 551; baseline 0.002 -14"><span class='ocrx_word' id='word_1_27' title='bbox 146 499 325 547; x_wconf 79' lang='lat' dir='ltr'>dicerent,</span> <span class='ocrx_word' id='word_1_28' title='bbox 349 499 378 538; x_wconf 93' lang='lat' dir='ltr'>si</span> <span class='ocrx_word' id='word_1_29' title='bbox 402 509 477 538; x_wconf 89' lang='lat' dir='ltr'>tam</span> <span class='ocrx_word' id='word_1_30' title='bbox 498 499 598 538; x_wconf 93' lang='lat' dir='ltr'>docti</span> <span class='ocrx_word' id='word_1_31' title='bbox 620 509 758 547; x_wconf 91' lang='lat' dir='ltr'>essent,</span> <span class='ocrx_word' id='word_1_32' title='bbox 781 512 893 551; x_wconf 91' lang='lat' dir='ltr'>quam</span> <span class='ocrx_word' id='word_1_33' title='bbox 922 512 980 539; x_wconf 91' lang='lat' dir='ltr'>me</span> <span class='ocrx_word' id='word_1_34' title='bbox 1007 499 1201 551; x_wconf 81' lang='lat' dir='ltr'>predicant</span> <span class='ocrx_word' id='word_1_35' title='bbox 1221 499 1348 550; x_wconf 90' lang='lat' dir='ltr'>indoc-</span> <span class='ocrx_word' id='word_1_36' title='bbox 1387 529 1390 531; x_wconf 54' lang='lat'>&gt;</span> 
     </span>
     <span class='ocr_line' id='line_1_6' title="bbox 146 563 1351 617; baseline 0.002 -15"><span class='ocrx_word' id='word_1_37' title='bbox 146 573 239 602; x_wconf 89' lang='lat' dir='ltr'>tum.</span> <span class='ocrx_word' id='word_1_38' title='bbox 270 568 347 603; x_wconf 92' lang='lat' dir='ltr'>Nec</span> <span class='ocrx_word' id='word_1_39' title='bbox 373 563 538 603; x_wconf 83' lang='lat' dir='ltr'>literatus</span> <span class='ocrx_word' id='word_1_40' title='bbox 559 576 643 617; x_wconf 85' lang='lat' dir='ltr'>ego,</span> <span class='ocrx_word' id='word_1_41' title='bbox 666 576 735 603; x_wconf 86' lang='lat' dir='ltr'>nec</span> <span class='ocrx_word' id='word_1_42' title='bbox 764 568 917 612; x_wconf 91' lang='lat' dir='ltr'>Grecus,</span> <span class='ocrx_word' id='word_1_43' title='bbox 945 564 1106 603; x_wconf 86' lang='lat' dir='ltr'>sedecim</span> <span class='ocrx_word' id='word_1_44' title='bbox 1128 564 1186 604; x_wconf 92' lang='lat' dir='ltr'>uel</span> <span class='ocrx_word' id='word_1_45' title='bbox 1207 577 1252 604; x_wconf 90' lang='lat' dir='ltr'>eo</span> <span class='ocrx_word' id='word_1_46' title='bbox 1271 574 1351 604; x_wconf 62' lang='lat' dir='ltr'>amss</span> 
     </span>
     <span class='ocr_line' id='line_1_7' title="bbox 146 627 1351 681; baseline 0.002 -15"><span class='ocrx_word' id='word_1_47' title='bbox 146 627 244 679; x_wconf 87' lang='lat' dir='ltr'>plius</span> <span class='ocrx_word' id='word_1_48' title='bbox 269 628 438 668; x_wconf 85' lang='lat' dir='ltr'>Platonis</span> <span class='ocrx_word' id='word_1_49' title='bbox 465 628 578 668; x_wconf 91' lang='lat' dir='ltr'>libros</span> <span class='ocrx_word' id='word_1_50' title='bbox 601 628 702 667; x_wconf 90' lang='lat' dir='ltr'>dorni</span> <span class='ocrx_word' id='word_1_51' title='bbox 727 628 845 668; x_wconf 89' lang='lat' dir='ltr'>habeo</span> <span class='ocrx_word' id='word_1_52' title='bbox 867 630 968 679; x_wconf 76' lang='lat'>(245)</span> <span class='ocrx_word' id='word_1_53' title='bbox 993 643 1002 678; x_wconf 79' lang='lat'>3</span> <span class='ocrx_word' id='word_1_54' title='bbox 1038 641 1196 681; x_wconf 91' lang='lat' dir='ltr'>quorum</span> <span class='ocrx_word' id='word_1_55' title='bbox 1224 629 1351 669; x_wconf 88' lang='lat' dir='ltr'>nescio</span> 
     </span>
     <span class='ocr_line' id='line_1_8' title="bbox 144 692 1351 746; baseline 0.001 -14"><span class='ocrx_word' id='word_1_56' title='bbox 144 705 190 731; x_wconf 89' lang='lat' dir='ltr'>an</span> <span class='ocrx_word' id='word_1_57' title='bbox 213 693 323 732; x_wconf 91' lang='lat' dir='ltr'>ullius</span> <span class='ocrx_word' id='word_1_58' title='bbox 344 693 404 733; x_wconf 88' lang='lat' dir='ltr'>isti</span> <span class='ocrx_word' id='word_1_59' title='bbox 425 706 587 745; x_wconf 92' lang='lat' dir='ltr'>unquam</span> <span class='ocrx_word' id='word_1_60' title='bbox 607 706 742 732; x_wconf 91' lang='lat' dir='ltr'>nomen</span> <span class='ocrx_word' id='word_1_61' title='bbox 766 692 965 734; x_wconf 85' lang='lat' dir='ltr'>audierint.</span> <span class='ocrx_word' id='word_1_62' title='bbox 980 693 1191 745; x_wconf 85' lang='lat' dir='ltr'>stupebunt</span> <span class='ocrx_word' id='word_1_63' title='bbox 1210 706 1300 746; x_wconf 86' lang='lat' dir='ltr'>ergo</span> <span class='ocrx_word' id='word_1_64' title='bbox 1320 694 1351 734; x_wconf 91' lang='lat' dir='ltr'>si</span> 
     </span>
     <span class='ocr_line' id='line_1_9' title="bbox 147 757 1353 807; baseline 0.002 -11"><span class='ocrx_word' id='word_1_65' title='bbox 147 757 214 797; x_wconf 91' lang='lat' dir='ltr'>hec</span> <span class='ocrx_word' id='word_1_66' title='bbox 233 758 426 797; x_wconf 91' lang='lat' dir='ltr'>audiant*.</span> <span class='ocrx_word' id='word_1_67' title='bbox 451 758 487 797; x_wconf 91' lang='lat' dir='ltr'>Si</span> <span class='ocrx_word' id='word_1_68' title='bbox 502 770 577 797; x_wconf 93' lang='lat' dir='ltr'>non</span> <span class='ocrx_word' id='word_1_69' title='bbox 593 758 762 807; x_wconf 90' lang='lat' dir='ltr'>credunt,</span> <span class='ocrx_word' id='word_1_70' title='bbox 783 758 935 798; x_wconf 90' lang='lat' dir='ltr'>ueniant</span> <span class='ocrx_word' id='word_1_71' title='bbox 956 767 992 797; x_wconf 91' lang='lat' dir='ltr'>et</span> <span class='ocrx_word' id='word_1_72' title='bbox 1012 757 1178 800; x_wconf 89' lang='lat' dir='ltr'>uideant.</span> <span class='ocrx_word' id='word_1_73' title='bbox 1209 757 1353 798; x_wconf 87' lang='lat' dir='ltr'>Biblio-</span> 
     </span>
     <span class='ocr_line' id='line_1_10' title="bbox 145 822 1347 875; baseline 0 -13"><span class='ocrx_word' id='word_1_74' title='bbox 145 822 251 862; x_wconf 84' lang='lat' dir='ltr'>theca</span> <span class='ocrx_word' id='word_1_75' title='bbox 274 823 499 872; x_wconf 89' lang='lat' dir='ltr'>nostra‚tuis</span> <span class='ocrx_word' id='word_1_76' title='bbox 513 823 550 862; x_wconf 92' lang='lat' dir='ltr'>in</span> <span class='ocrx_word' id='word_1_77' title='bbox 571 822 742 862; x_wconf 87' lang='lat' dir='ltr'>manibus</span> <span class='ocrx_word' id='word_1_78' title='bbox 762 822 990 871; x_wconf 89' lang='lat' dir='ltr'>relicta‚non</span> <span class='ocrx_word' id='word_1_79' title='bbox 1007 822 1179 863; x_wconf 89' lang='lat' dir='ltr'>illiterata</span> <span class='ocrx_word' id='word_1_80' title='bbox 1194 822 1347 875; x_wconf 90' lang='lat' dir='ltr'>quidem</span> 
     </span>
     <span class='ocr_line' id='line_1_11' title="bbox 146 887 1350 940; baseline 0 -14"><span class='ocrx_word' id='word_1_81' title='bbox 146 887 207 927; x_wconf 82' lang='lat' dir='ltr'>illa</span> <span class='ocrx_word' id='word_1_82' title='bbox 225 888 342 939; x_wconf 70' lang='lat'>(246),</span> <span class='ocrx_word' id='word_1_83' title='bbox 374 887 546 940; x_wconf 92' lang='lat' dir='ltr'>quamuis</span> <span class='ocrx_word' id='word_1_84' title='bbox 574 887 736 927; x_wconf 84' lang='lat' dir='ltr'>illiterati</span> <span class='ocrx_word' id='word_1_85' title='bbox 768 887 944 936; x_wconf 83' lang='lat' dir='ltr'>hominis,</span> <span class='ocrx_word' id='word_1_86' title='bbox 967 900 1088 939; x_wconf 90' lang='lat' dir='ltr'>neque</span> <span class='ocrx_word' id='word_1_87' title='bbox 1116 887 1190 927; x_wconf 91' lang='lat' dir='ltr'>illis</span> <span class='ocrx_word' id='word_1_88' title='bbox 1223 887 1350 940; x_wconf 87' lang='lat' dir='ltr'>ignota</span> 
     </span>
     <span class='ocr_line' id='line_1_12' title="bbox 144 951 1351 1005; baseline -0.001 -13"><span class='ocrx_word' id='word_1_89' title='bbox 144 962 199 992; x_wconf 90' lang='lat' dir='ltr'>est</span> <span class='ocrx_word' id='word_1_90' title='bbox 219 967 227 1002; x_wconf 89' lang='lat'>;</span> <span class='ocrx_word' id='word_1_91' title='bbox 248 966 359 1005; x_wconf 87' lang='lat' dir='ltr'>quam</span> <span class='ocrx_word' id='word_1_92' title='bbox 381 952 518 992; x_wconf 87' lang='lat' dir='ltr'>totiens</span> <span class='ocrx_word' id='word_1_93' title='bbox 539 966 597 992; x_wconf 90' lang='lat' dir='ltr'>me</span> <span class='ocrx_word' id='word_1_94' title='bbox 617 962 802 992; x_wconf 89' lang='lat' dir='ltr'>tentantes</span> <span class='ocrx_word' id='word_1_95' title='bbox 829 951 988 1005; x_wconf 88' lang='lat' dir='ltr'>ingressi</span> <span class='ocrx_word' id='word_1_96' title='bbox 1017 961 1121 1001; x_wconf 92' lang='lat' dir='ltr'>sunt,</span> <span class='ocrx_word' id='word_1_97' title='bbox 1153 953 1265 992; x_wconf 89' lang='lat' dir='ltr'>semel</span> <span class='ocrx_word' id='word_1_98' title='bbox 1297 951 1351 991; x_wconf 92' lang='lat' dir='ltr'>in-</span> 
     </span>
     <span class='ocr_line' id='line_1_13' title="bbox 144 1016 1351 1070; baseline 0 -14"><span class='ocrx_word' id='word_1_99' title='bbox 144 1017 372 1070; x_wconf 86' lang='lat' dir='ltr'>grediantur,</span> <span class='ocrx_word' id='word_1_100' title='bbox 396 1027 431 1057; x_wconf 93' lang='lat' dir='ltr'>et</span> <span class='ocrx_word' id='word_1_101' title='bbox 455 1018 649 1057; x_wconf 86' lang='lat' dir='ltr'>Platonem</span> <span class='ocrx_word' id='word_1_102' title='bbox 670 1017 860 1065; x_wconf 88' lang='lat' dir='ltr'>tentaturi,</span> <span class='ocrx_word' id='word_1_103' title='bbox 882 1030 930 1056; x_wconf 94' lang='lat' dir='ltr'>an</span> <span class='ocrx_word' id='word_1_104' title='bbox 959 1025 996 1056; x_wconf 88' lang='lat' dir='ltr'>et</span> <span class='ocrx_word' id='word_1_105' title='bbox 1023 1017 1104 1069; x_wconf 91' lang='lat' dir='ltr'>ipse</span> <span class='ocrx_word' id='word_1_106' title='bbox 1133 1016 1211 1056; x_wconf 90' lang='lat' dir='ltr'>sine</span> <span class='ocrx_word' id='word_1_107' title='bbox 1234 1016 1351 1057; x_wconf 91' lang='lat' dir='ltr'>literis</span> 
     </span>
     <span class='ocr_line' id='line_1_14' title="bbox 145 1081 1352 1134; baseline -0.002 -12"><span class='ocrx_word' id='word_1_108' title='bbox 145 1083 193 1122; x_wconf 87' lang='lat' dir='ltr'>sit</span> <span class='ocrx_word' id='word_1_109' title='bbox 212 1082 391 1124; x_wconf 87' lang='lat' dir='ltr'>famosus.</span> <span class='ocrx_word' id='word_1_110' title='bbox 415 1081 609 1122; x_wconf 89' lang='lat' dir='ltr'>Inuenient</span> <span class='ocrx_word' id='word_1_111' title='bbox 631 1081 684 1122; x_wconf 92' lang='lat' dir='ltr'>sic</span> <span class='ocrx_word' id='word_1_112' title='bbox 705 1095 786 1121; x_wconf 89' lang='lat' dir='ltr'>esse</span> <span class='ocrx_word' id='word_1_113' title='bbox 806 1091 846 1121; x_wconf 90' lang='lat' dir='ltr'>ut</span> <span class='ocrx_word' id='word_1_114' title='bbox 864 1081 963 1130; x_wconf 91' lang='lat' dir='ltr'>dico,</span> <span class='ocrx_word' id='word_1_115' title='bbox 989 1094 1121 1133; x_wconf 89' lang='lat' dir='ltr'>meque</span> <span class='ocrx_word' id='word_1_116' title='bbox 1140 1081 1227 1121; x_wconf 93' lang='lat' dir='ltr'>licet</span> <span class='ocrx_word' id='word_1_117' title='bbox 1246 1082 1352 1134; x_wconf 85' lang='lat' dir='ltr'>igna-</span> 
     </span>
     <span class='ocr_line' id='line_1_15' title="bbox 145 1143 1350 1195; baseline 0 -9"><span class='ocrx_word' id='word_1_118' title='bbox 145 1160 239 1195; x_wconf 92' lang='lat' dir='ltr'>rum,</span> <span class='ocrx_word' id='word_1_119' title='bbox 263 1160 337 1186; x_wconf 93' lang='lat' dir='ltr'>non</span> <span class='ocrx_word' id='word_1_120' title='bbox 360 1147 573 1187; x_wconf 90' lang='lat' dir='ltr'>mendacem</span> <span class='ocrx_word' id='word_1_121' title='bbox 594 1157 733 1194; x_wconf 86' lang='lat' dir='ltr'>tamen,</span> <span class='ocrx_word' id='word_1_122' title='bbox 762 1155 803 1185; x_wconf 91' lang='lat' dir='ltr'>ut</span> <span class='ocrx_word' id='word_1_123' title='bbox 825 1143 997 1195; x_wconf 88' lang='lat' dir='ltr'>arbitror,</span> <span class='ocrx_word' id='word_1_124' title='bbox 1019 1145 1248 1187; x_wconf 85' lang='lat' dir='ltr'>fatebuntur.</span> <span class='ocrx_word' id='word_1_125' title='bbox 1277 1150 1350 1186; x_wconf 91' lang='lat' dir='ltr'>Ne-</span> 
     </span>
     <span class='ocr_line' id='line_1_16' title="bbox 144 1210 1350 1264; baseline 0 -14"><span class='ocrx_word' id='word_1_126' title='bbox 144 1225 217 1264; x_wconf 93' lang='lat' dir='ltr'>que</span> <span class='ocrx_word' id='word_1_127' title='bbox 238 1216 374 1251; x_wconf 88' lang='lat' dir='ltr'>Grecos</span> <span class='ocrx_word' id='word_1_128' title='bbox 404 1221 564 1261; x_wconf 86' lang='lat' dir='ltr'>tantum,</span> <span class='ocrx_word' id='word_1_129' title='bbox 588 1211 651 1251; x_wconf 91' lang='lat' dir='ltr'>sed</span> <span class='ocrx_word' id='word_1_130' title='bbox 683 1211 720 1250; x_wconf 95' lang='lat' dir='ltr'>in</span> <span class='ocrx_word' id='word_1_131' title='bbox 747 1210 901 1251; x_wconf 89' lang='lat' dir='ltr'>latinum</span> <span class='ocrx_word' id='word_1_132' title='bbox 931 1224 1060 1251; x_wconf 86' lang='lat' dir='ltr'>uersos</span> <span class='ocrx_word' id='word_1_133' title='bbox 1089 1210 1232 1263; x_wconf 87' lang='lat' dir='ltr'>aliquot</span> <span class='ocrx_word' id='word_1_134' title='bbox 1253 1223 1350 1250; x_wconf 94' lang='lat' dir='ltr'>nun-</span> 
     </span>
     <span class='ocr_line' id='line_1_17' title="bbox 142 1275 1349 1329; baseline 0 -13"><span class='ocrx_word' id='word_1_135' title='bbox 142 1289 255 1329; x_wconf 89' lang='lat' dir='ltr'>quam</span> <span class='ocrx_word' id='word_1_136' title='bbox 290 1276 382 1316; x_wconf 90' lang='lat' dir='ltr'>alias</span> <span class='ocrx_word' id='word_1_137' title='bbox 422 1276 523 1316; x_wconf 87' lang='lat' dir='ltr'>uisos</span> <span class='ocrx_word' id='word_1_138' title='bbox 566 1275 750 1328; x_wconf 89' lang='lat' dir='ltr'>aspicient</span> <span class='ocrx_word' id='word_1_139' title='bbox 777 1275 1030 1325; x_wconf 74' lang='lat' dir='ltr'>literatissimi</span> <span class='ocrx_word' id='word_1_140' title='bbox 1065 1275 1273 1324; x_wconf 47' lang='lat' dir='ltr'>homines„</span> <span class='ocrx_word' id='word_1_141' title='bbox 1292 1280 1349 1316; x_wconf 88' lang='lat' dir='ltr'>De</span> 
     </span>
     <span class='ocr_line' id='line_1_18' title="bbox 143 1339 1343 1394; baseline -0.002 -13"><span class='ocrx_word' id='word_1_142' title='bbox 143 1342 324 1394; x_wconf 85' lang='lat' dir='ltr'>qualitate</span> <span class='ocrx_word' id='word_1_143' title='bbox 342 1341 493 1394; x_wconf 91' lang='lat' dir='ltr'>quidem</span> <span class='ocrx_word' id='word_1_144' title='bbox 514 1354 669 1393; x_wconf 89' lang='lat' dir='ltr'>operum</span> <span class='ocrx_word' id='word_1_145' title='bbox 696 1340 853 1383; x_wconf 18' lang='lat' dir='ltr'>iurevilli</span> <span class='ocrx_word' id='word_1_146' title='bbox 878 1353 946 1380; x_wconf 91' lang='lat' dir='ltr'>suo</span> <span class='ocrx_word' id='word_1_147' title='bbox 975 1339 1166 1391; x_wconf 90' lang='lat' dir='ltr'>iudicent;</span> <span class='ocrx_word' id='word_1_148' title='bbox 1196 1340 1243 1379; x_wconf 91' lang='lat' dir='ltr'>de</span> <span class='ocrx_word' id='word_1_149' title='bbox 1271 1353 1343 1380; x_wconf 94' lang='lat' dir='ltr'>nu-</span> 
     </span>
     <span class='ocr_line' id='line_1_19' title="bbox 144 1404 1350 1459; baseline 0 -13"><span class='ocrx_word' id='word_1_150' title='bbox 144 1420 245 1447; x_wconf 90' lang='lat' dir='ltr'>mero</span> <span class='ocrx_word' id='word_1_151' title='bbox 271 1416 393 1446; x_wconf 88' lang='lat' dir='ltr'>autem</span> <span class='ocrx_word' id='word_1_152' title='bbox 419 1419 487 1446; x_wconf 90' lang='lat' dir='ltr'>nec</span> <span class='ocrx_word' id='word_1_153' title='bbox 513 1406 676 1446; x_wconf 89' lang='lat' dir='ltr'>iudicare</span> <span class='ocrx_word' id='word_1_154' title='bbox 701 1405 808 1445; x_wconf 83' lang='lat' dir='ltr'>aliter</span> <span class='ocrx_word' id='word_1_155' title='bbox 837 1418 949 1457; x_wconf 91' lang='lat' dir='ltr'>quam</span> <span class='ocrx_word' id='word_1_156' title='bbox 978 1404 1078 1454; x_wconf 86' lang='lat' dir='ltr'>dico,</span> <span class='ocrx_word' id='word_1_157' title='bbox 1109 1418 1176 1445; x_wconf 91' lang='lat' dir='ltr'>nec</span> <span class='ocrx_word' id='word_1_158' title='bbox 1203 1405 1350 1459; x_wconf 89' lang='lat' dir='ltr'>litigare</span> 
     </span>
     <span class='ocr_line' id='line_1_20' title="bbox 144 1470 1348 1524; baseline -0.002 -13"><span class='ocrx_word' id='word_1_159' title='bbox 144 1471 402 1524; x_wconf 87' lang='lat' dir='ltr'>litigiosissimi</span> <span class='ocrx_word' id='word_1_160' title='bbox 434 1470 644 1510; x_wconf 53' lang='lat' dir='ltr'>homines*</span> <span class='ocrx_word' id='word_1_161' title='bbox 668 1470 874 1511; x_wconf 91' lang='lat' dir='ltr'>audebunt.</span> <span class='ocrx_word' id='word_1_162' title='bbox 907 1474 951 1510; x_wconf 89' lang='lat' dir='ltr'>Et</span> <span class='ocrx_word' id='word_1_163' title='bbox 973 1479 1088 1522; x_wconf 92' lang='lat' dir='ltr'>quota</span> <span class='ocrx_word' id='word_1_164' title='bbox 1108 1482 1150 1509; x_wconf 89' lang='lat' dir='ltr'>ea</span> <span class='ocrx_word' id='word_1_165' title='bbox 1185 1483 1271 1522; x_wconf 87' lang='lat' dir='ltr'>pars</span> <span class='ocrx_word' id='word_1_166' title='bbox 1306 1470 1348 1509; x_wconf 91' lang='lat' dir='ltr'>li-</span> 
     </span>
     <span class='ocr_line' id='line_1_21' title="bbox 143 1534 1345 1588; baseline -0.001 -13"><span class='ocrx_word' id='word_1_167' title='bbox 143 1536 290 1576; x_wconf 91' lang='lat' dir='ltr'>brorum</span> <span class='ocrx_word' id='word_1_168' title='bbox 311 1546 367 1575; x_wconf 89' lang='lat' dir='ltr'>est</span> <span class='ocrx_word' id='word_1_169' title='bbox 390 1535 573 1585; x_wconf 89' lang='lat' dir='ltr'>Platonis,</span> <span class='ocrx_word' id='word_1_170' title='bbox 601 1548 759 1587; x_wconf 90' lang='lat' dir='ltr'>quorum</span> <span class='ocrx_word' id='word_1_171' title='bbox 784 1547 853 1588; x_wconf 89' lang='lat' dir='ltr'>ego</span> <span class='ocrx_word' id='word_1_172' title='bbox 874 1535 930 1574; x_wconf 91' lang='lat' dir='ltr'>his</span> <span class='ocrx_word' id='word_1_173' title='bbox 951 1534 1070 1575; x_wconf 91' lang='lat' dir='ltr'>oculis</span> <span class='ocrx_word' id='word_1_174' title='bbox 1091 1535 1229 1575; x_wconf 91' lang='lat' dir='ltr'>multos</span> <span class='ocrx_word' id='word_1_175' title='bbox 1251 1535 1345 1585; x_wconf 89' lang='lat' dir='ltr'>uidi,</span> 
     </span>
     <span class='ocr_line' id='line_1_22' title="bbox 142 1599 1349 1653; baseline 0 -13"><span class='ocrx_word' id='word_1_176' title='bbox 142 1601 319 1653; x_wconf 89' lang='lat' dir='ltr'>precipue</span> <span class='ocrx_word' id='word_1_177' title='bbox 337 1601 436 1653; x_wconf 92' lang='lat' dir='ltr'>apud</span> <span class='ocrx_word' id='word_1_178' title='bbox 459 1601 628 1640; x_wconf 86' lang='lat' dir='ltr'>Barlaam</span> <span class='ocrx_word' id='word_1_179' title='bbox 649 1600 843 1640; x_wconf 86' lang='lat' dir='ltr'>Calabrum</span> <span class='ocrx_word' id='word_1_180' title='bbox 860 1601 979 1651; x_wconf 69' lang='lat'>(247),</span> <span class='ocrx_word' id='word_1_181' title='bbox 1000 1599 1218 1639; x_wconf 91' lang='lat' dir='ltr'>modernum</span> <span class='ocrx_word' id='word_1_182' title='bbox 1238 1599 1349 1640; x_wconf 92' lang='lat' dir='ltr'>Graie</span> 
     </span>
     <span class='ocr_line' id='line_1_23' title="bbox 141 1663 1347 1718; baseline -0.002 -13"><span class='ocrx_word' id='word_1_183' title='bbox 141 1665 330 1718; x_wconf 86' lang='lat' dir='ltr'>specimen</span> <span class='ocrx_word' id='word_1_184' title='bbox 354 1666 485 1718; x_wconf 91' lang='lat' dir='ltr'>sophie</span> <span class='ocrx_word' id='word_1_185' title='bbox 502 1680 511 1716; x_wconf 81' lang='lat'>3</span> <span class='ocrx_word' id='word_1_186' title='bbox 531 1665 594 1718; x_wconf 88' lang='lat' dir='ltr'>qui</span> <span class='ocrx_word' id='word_1_187' title='bbox 616 1678 675 1704; x_wconf 92' lang='lat' dir='ltr'>me</span> <span class='ocrx_word' id='word_1_188' title='bbox 694 1664 892 1704; x_wconf 90' lang='lat' dir='ltr'>latinarum</span> <span class='ocrx_word' id='word_1_189' title='bbox 916 1663 1076 1704; x_wconf 91' lang='lat' dir='ltr'>inscium</span> <span class='ocrx_word' id='word_1_190' title='bbox 1103 1664 1236 1704; x_wconf 88' lang='lat' dir='ltr'>docere</span> <span class='ocrx_word' id='word_1_191' title='bbox 1261 1677 1347 1717; x_wconf 87' lang='lat' dir='ltr'>gre-</span> 
     </span>
     <span class='ocr_line' id='line_1_24' title="bbox 141 1728 1343 1781; baseline -0.001 -12"><span class='ocrx_word' id='word_1_192' title='bbox 141 1743 204 1770; x_wconf 88' lang='lat' dir='ltr'>cas</span> <span class='ocrx_word' id='word_1_193' title='bbox 227 1730 353 1770; x_wconf 88' lang='lat' dir='ltr'>literas</span> <span class='ocrx_word' id='word_1_194' title='bbox 375 1731 542 1779; x_wconf 90' lang='lat' dir='ltr'>adortus,</span> <span class='ocrx_word' id='word_1_195' title='bbox 579 1729 735 1770; x_wconf 89' lang='lat' dir='ltr'>forsitan</span> <span class='ocrx_word' id='word_1_196' title='bbox 768 1728 989 1781; x_wconf 87' lang='lat' dir='ltr'>profecisset</span> <span class='ocrx_word' id='word_1_197' title='bbox 1002 1728 1074 1780; x_wconf 82' lang='lat'>***,</span> <span class='ocrx_word' id='word_1_198' title='bbox 1113 1728 1185 1769; x_wconf 91' lang='lat' dir='ltr'>nisi</span> <span class='ocrx_word' id='word_1_199' title='bbox 1229 1728 1343 1768; x_wconf 90' lang='lat' dir='ltr'>michi</span> 
     </span>
     <span class='ocr_line' id='line_1_25' title="bbox 141 1793 1347 1847; baseline -0.001 -13"><span class='ocrx_word' id='word_1_200' title='bbox 141 1794 245 1834; x_wconf 92' lang='lat' dir='ltr'>illum</span> <span class='ocrx_word' id='word_1_201' title='bbox 263 1795 459 1835; x_wconf 90' lang='lat' dir='ltr'>inuidisset</span> <span class='ocrx_word' id='word_1_202' title='bbox 478 1795 710 1847; x_wconf 68' lang='lat' dir='ltr'>mors(z48l,</span> <span class='ocrx_word' id='word_1_203' title='bbox 743 1793 983 1846; x_wconf 91' lang='lat' dir='ltr'>honestisque</span> <span class='ocrx_word' id='word_1_204' title='bbox 1006 1793 1202 1846; x_wconf 74' lang='lat' dir='ltr'>principiis</span> <span class='ocrx_word' id='word_1_205' title='bbox 1226 1793 1347 1834; x_wconf 89' lang='lat' dir='ltr'>obsti-</span> 
     </span>
     <span class='ocr_line' id='line_1_26' title="bbox 141 1858 677 1912; baseline 0.007 -15"><span class='ocrx_word' id='word_1_206' title='bbox 141 1858 261 1908; x_wconf 85' lang='lat' dir='ltr'>tisset,</span> <span class='ocrx_word' id='word_1_207' title='bbox 285 1870 324 1900; x_wconf 94' lang='lat' dir='ltr'>ut</span> <span class='ocrx_word' id='word_1_208' title='bbox 345 1860 453 1900; x_wconf 85' lang='lat' dir='ltr'>solita</span> <span class='ocrx_word' id='word_1_209' title='bbox 475 1870 530 1901; x_wconf 90' lang='lat' dir='ltr'>est</span> <span class='ocrx_word' id='word_1_210' title='bbox 558 1862 677 1912; x_wconf 72' lang='lat'>(249).</span> 
     </span>
    </p>

    <p class='ocr_par' dir='ltr' id='par_1_3' title="bbox 193 1923 1347 1978">
     <span class='ocr_line' id='line_1_27' title="bbox 193 1923 1347 1978; baseline -0.002 -14"><span class='ocrx_word' id='word_1_211' title='bbox 193 1923 326 1964; x_wconf 91' lang='lat' dir='ltr'>Nimis</span> <span class='ocrx_word' id='word_1_212' title='bbox 344 1925 500 1964; x_wconf 54' lang='lat' dir='ltr'>iamm‘</span> <span class='ocrx_word' id='word_1_213' title='bbox 523 1935 607 1978; x_wconf 91' lang='lat' dir='ltr'>post</span> <span class='ocrx_word' id='word_1_214' title='bbox 631 1925 876 1977; x_wconf 85' lang='lat' dir='ltr'>ignorantiam</span> <span class='ocrx_word' id='word_1_215' title='bbox 888 1936 1007 1963; x_wconf 87' lang='lat' dir='ltr'>meam</span> <span class='ocrx_word' id='word_1_216' title='bbox 1026 1936 1154 1976; x_wconf 88' lang='lat' dir='ltr'>uagor,</span> <span class='ocrx_word' id='word_1_217' title='bbox 1167 1932 1203 1963; x_wconf 89' lang='lat' dir='ltr'>et</span> <span class='ocrx_word' id='word_1_218' title='bbox 1218 1923 1347 1963; x_wconf 91' lang='lat' dir='ltr'>animo</span> 
     </span>
    </p>
   </div>
   <div class='ocr_carea' id='block_1_3' title="bbox 178 2072 1346 2159">
    <p class='ocr_par' dir='ltr' id='par_1_4' title="bbox 178 2072 1346 2159">
     <span class='ocr_line' id='line_1_28' title="bbox 179 2072 1010 2114; baseline -0.001 -9"><span class='ocrx_word' id='word_1_219' title='bbox 179 2075 193 2089; x_wconf 78' lang='grc'>*</span> <span class='ocrx_word' id='word_1_220' title='bbox 214 2078 300 2105; x_wconf 89' lang='lat' dir='ltr'>Cette</span> <span class='ocrx_word' id='word_1_221' title='bbox 313 2081 417 2105; x_wconf 87' lang='lat' dir='ltr'>courte</span> <span class='ocrx_word' id='word_1_222' title='bbox 436 2074 545 2114; x_wconf 89' lang='lat' dir='ltr'>phrase</span> <span class='ocrx_word' id='word_1_223' title='bbox 561 2079 606 2104; x_wconf 87' lang='lat' dir='ltr'>est</span> <span class='ocrx_word' id='word_1_224' title='bbox 621 2072 714 2103; x_wconf 89' lang='lat' dir='ltr'>e&#39;crite</span> <span class='ocrx_word' id='word_1_225' title='bbox 731 2082 782 2103; x_wconf 87' lang='lat' dir='ltr'>sur</span> <span class='ocrx_word' id='word_1_226' title='bbox 797 2082 836 2103; x_wconf 90' lang='lat' dir='ltr'>un</span> <span class='ocrx_word' id='word_1_227' title='bbox 857 2079 1010 2113; x_wconf 84' lang='lat' dir='ltr'>grattage.</span> 
     </span>
     <span class='ocr_line' id='line_1_29' title="bbox 178 2119 1346 2159; baseline -0.002 -8"><span class='ocrx_word' id='word_1_228' title='bbox 178 2122 206 2136; x_wconf 64' lang='lat'>⁰</span> <span class='ocrx_word' id='word_1_229' title='bbox 229 2126 282 2152; x_wconf 84' lang='lat' dir='ltr'>Les</span> <span class='ocrx_word' id='word_1_230' title='bbox 301 2121 375 2151; x_wconf 81' lang='lat' dir='ltr'>neuf</span> <span class='ocrx_word' id='word_1_231' title='bbox 390 2120 543 2151; x_wconf 70' lang='lat' dir='ltr'>dernieres</span> <span class='ocrx_word' id='word_1_232' title='bbox 564 2121 666 2151; x_wconf 87' lang='lat' dir='ltr'>lettres</span> <span class='ocrx_word' id='word_1_233' title='bbox 685 2119 726 2150; x_wconf 91' lang='lat' dir='ltr'>du</span> <span class='ocrx_word' id='word_1_234' title='bbox 741 2127 803 2150; x_wconf 94' lang='lat' dir='ltr'>mot</span> <span class='ocrx_word' id='word_1_235' title='bbox 822 2119 1028 2159; x_wconf 79' lang='lat' dir='ltr'>litigiosissimi</span> <span class='ocrx_word' id='word_1_236' title='bbox 1043 2125 1074 2150; x_wconf 87' lang='lat' dir='ltr'>et</span> <span class='ocrx_word' id='word_1_237' title='bbox 1092 2119 1119 2150; x_wconf 92' lang='lat' dir='ltr'>le</span> <span class='ocrx_word' id='word_1_238' title='bbox 1137 2125 1199 2149; x_wconf 83' lang='lat' dir='ltr'>mot</span> <span class='ocrx_word' id='word_1_239' title='bbox 1218 2119 1346 2149; x_wconf 79' lang='lat' dir='ltr'>homines</span> 
     </span>
    </p>
   </div>
   <div class='ocr_carea' id='block_1_4' title="bbox 136 2168 808 2302">
    <p class='ocr_par' dir='ltr' id='par_1_5' title="bbox 136 2168 808 2302">
     <span class='ocr_line' id='line_1_30' title="bbox 136 2168 607 2209; baseline -0.002 -10"><span class='ocrx_word' id='word_1_240' title='bbox 136 2175 208 2199; x_wconf 86' lang='lat' dir='ltr'>sont</span> <span class='ocrx_word' id='word_1_241' title='bbox 223 2168 312 2198; x_wconf 82' lang='lat' dir='ltr'>ecrits</span> <span class='ocrx_word' id='word_1_242' title='bbox 329 2177 381 2198; x_wconf 91' lang='lat' dir='ltr'>sur</span> <span class='ocrx_word' id='word_1_243' title='bbox 401 2177 440 2198; x_wconf 93' lang='lat' dir='ltr'>un</span> <span class='ocrx_word' id='word_1_244' title='bbox 457 2174 607 2209; x_wconf 82' lang='lat' dir='ltr'>grattage.</span> 
     </span>
     <span class='ocr_line' id='line_1_31' title="bbox 177 2214 417 2246; baseline 0 -1"><span class='ocrx_word' id='word_1_245' title='bbox 177 2215 219 2231; x_wconf 70' lang='lat'>⁸⁸*</span> <span class='ocrx_word' id='word_1_246' title='bbox 242 2215 304 2246; x_wconf 84' lang='lat' dir='ltr'>Fol.</span> <span class='ocrx_word' id='word_1_247' title='bbox 322 2214 359 2244; x_wconf 86' lang='lat'>28</span> <span class='ocrx_word' id='word_1_248' title='bbox 375 2222 417 2245; x_wconf 63' lang='grc' dir='ltr'>νο.</span> 
     </span>
     <span class='ocr_line' id='line_1_32' title="bbox 176 2261 808 2302; baseline -0.002 -9"><span class='ocrx_word' id='word_1_249' title='bbox 176 2263 233 2278; x_wconf 59' lang='lat'>*¹⁸*</span> <span class='ocrx_word' id='word_1_250' title='bbox 254 2266 315 2293; x_wconf 87' lang='lat' dir='ltr'>lam</span> <span class='ocrx_word' id='word_1_251' title='bbox 335 2269 381 2293; x_wconf 87' lang='lat' dir='ltr'>est</span> <span class='ocrx_word' id='word_1_252' title='bbox 403 2261 505 2302; x_wconf 83' lang='lat' dir='ltr'>ajoute&#39;</span> <span class='ocrx_word' id='word_1_253' title='bbox 524 2261 600 2292; x_wconf 80' lang='lat' dir='ltr'>dans</span> <span class='ocrx_word' id='word_1_254' title='bbox 614 2261 808 2301; x_wconf 87' lang='lat' dir='ltr'>l’interligne.</span> 
     </span>
    </p>
   </div>
  </div>
 </body>
</html>
