1494 2600
607 211 822 259 *⁶5-

109 295 198 336 dum
216 308 298 336 esse
317 309 392 336 non
410 296 546 348 potuit,
567 308 650 335 cum
666 295 779 335 nichil
796 295 895 335 aliud
912 305 1078 348 tempora
1099 295 1170 335 nisi
1189 308 1317 336 cursus

108 360 199 401 solis
213 359 348 401 efficiat
365 362 466 412 (202)
485 374 523 403 ».
543 365 623 416 Qie
637 371 759 401 tamen
771 361 869 413 apud
885 361 1007 413 ipsum
1026 360 1242 400 Ciceronem
1262 361 1318 400 his

109 425 234 465 uerbis
253 425 403 466 eliditur
427 427 526 477 (203)
544 439 552 465 ε
580 440 600 464 «
618 430 701 465 Non
717 425 813 465 enim
829 425 860 465 si
877 425 1036 465 mundus
1054 426 1178 465 nullus
1197 426 1315 474 erat*,

108 490 234 530 secula
260 503 335 530 non
355 500 472 533 erant.
497 491 626 531 Secula
654 503 752 530 nunc
781 490 881 539 dico,
904 503 979 530 non
1006 503 1047 530 ea
1079 503 1152 543 que
1174 490 1317 530 dierum

108 554 351 607 noctiumque
386 569 541 595 numero
579 556 666 595 anni
706 555 876 596 cursibus
920 554 1190 607 conficiuntur;
1232 569 1318 596 nam

109 618 226 660 fateor
241 633 283 659 ea
301 621 382 660 sine
402 620 528 660 mundi
550 620 794 661 conuersione
818 619 912 660 effici
937 633 1011 660 non
1041 620 1222 673 potuisse.
1247 621 1316 661 Sed

111 682 181 725 fuit
193 684 353 737 quedam
371 685 418 725 ab
433 684 577 725 infinito
590 685 626 704 **
645 695 811 738 tempore
825 685 1014 734 eternitas,
1029 698 1139 738 quarn
1157 686 1319 726 nullam

108 758 318 802 temporum
339 750 634 803 circumscriptio
655 751 890 793 metiebatur.
908 751 1036 803 Spatio
1056 761 1180 791 tamen
1197 752 1319 803 qualis

109 827 151 854 ea
175 814 285 855 fuerit
304 815 459 869 intelligi
481 826 618 868 potest,
634 816 735 869 quod
756 829 803 856 ne
824 816 860 855 in
879 816 1145 870 cogitationem
1167 817 1318 868 quidem

107 880 224 930 cadit,
246 890 286 920 ut
304 879 414 921 fuerit
444 881 595 933 aliquod
613 891 774 933 tempus,
795 894 879 921 curn
898 882 1039 921 nullum
1061 891 1173 923 esset.
1193 896 1212 919 »
1238 886 1319 936 Qie

108 944 220 985 uerba
233 958 327 997 pene
345 945 391 984 ad
405 955 619 986 contextum
638 945 776 985 ibidem
790 946 1021 998 Augustinus
1037 946 1221 986 interserit
1231 946 1315 989 ****.

109 1009 261 1050 Addunt
282 1022 372 1050 sane
390 1009 575 1063 ingeniosi
596 1010 715 1064 magis
740 1010 908 1050 homines
930 1023 1041 1063 quam
1063 1011 1128 1062 pij,
1152 1011 1198 1050 ad
1219 1021 1317 1051 eter-

106 1074 259 1114 nitatem
296 1074 429 1126 ipsam,
464 1075 510 1115 de
541 1088 614 1127 qua
642 1075 783 1115 dictum
825 1085 896 1125 est,
932 1076 1156 1116 mutationes
1197 1089 1318 1116 rerum

108 1139 228 1179 uarias
249 1153 293 1179 ex
311 1140 492 1192 incendiis
511 1153 555 1180 ac
572 1140 723 1192 diluuijs
753 1150 931 1180 terrarum
965 1141 1103 1180 mundo
1127 1141 1311 1191 innectas,

108 1204 245 1257 quibus
275 1214 311 1245 et
342 1206 557 1257 temporalis
593 1216 629 1246 et
659 1206 939 1258 quodammodo
978 1220 1098 1246 nouus
1131 1206 1315 1257 uideatur,

108 1282 191 1309 cum
216 1279 364 1310 eternus
385 1270 445 1310 sit.
471 1275 555 1322 Quo
576 1270 612 1310 in
633 1284 766 1324 genere
779 1280 859 1311 toto
885 1276 938 1322 (ut
957 1271 1028 1310 iam
1048 1272 1211 1321 tandem,
1235 1285 1317 1312 sero

108 1334 210 1380 licet,
250 1335 349 1374 unde
375 1335 530 1376 discessi
566 1336 712 1375 redeam
732 1350 742 1386 ;
765 1346 917 1376 euectus
949 1337 1045 1376 enirn
1077 1350 1158 1376 sum
1195 1350 1316 1376 rerum

107 1399 358 1440 coherentium
391 1401 577 1451 cathena),
601 1401 761 1440 maxime
790 1401 965 1441 uitandus
990 1401 1214 1449 Aristotiles,
1245 1414 1319 1442 non

107 1465 207 1517 quod
229 1465 317 1516 plus·
339 1466 517 1515 errorum,
553 1467 615 1506 sed
647 1467 747 1519 quod
781 1467 865 1519 plus
894 1467 1105 1507 autoritatis
1134 1467 1245 1507 habet
1273 1480 1317 1507 ac

107 1529 338 1581 sequacium.
833 1520 835 1522 -

163 1594 390 1635 Fatebuntur
411 1594 585 1645 forsitan,
608 1609 671 1635 seu
706 1608 793 1635 uero
823 1609 887 1636 seu
920 1597 1143 1636 uerecundia
1179 1597 1313 1646 coacti,

107 1657 233 1698 diuina
261 1671 336 1698 non
365 1659 456 1699 satis
481 1659 709 1700 Aristotilem
732 1660 885 1709 uidisse,
909 1674 1030 1713 neque
1050 1671 1191 1711 eterna,
1213 1662 1313 1714 quod

106 1735 128 1762 a
151 1736 245 1776 puro
274 1723 426 1778 ingenio
444 1734 585 1764 semota
606 1725 704 1775 sint3
729 1725 792 1765 sed
818 1725 1062 1766 humanorum
1091 1737 1205 1779 atque
1236 1740 1318 1779 pre-

106 1787 329 1828 tereuntium
344 1788 455 1829 nichil
474 1802 549 1829 non
570 1790 775 1841 peruidisse
787 1791 1028 1833 contendent.
1053 1796 1105 1831 lta
1126 1805 1170 1831 eo
1193 1805 1315 1831 reuer-

107 1851 232 1901 timur‚
255 1853 356 1905 quod
387 1864 516 1894 contra
548 1854 646 1894 hunc
675 1854 797 1906 ipsum
831 1855 1095 1908 philosophum
1120 1856 1316 1909 disputans

110 1916 336 1968 Macrobius,
349 1917 429 1958 siue
439 1917 536 1968 ioco,
551 1918 631 1958 siue
651 1919 768 1958 serio:
797 1919 964 1969 Videtur,
979 1922 1031 1960 ait
1051 1919 1176 1973 (204),
1203 1921 1316 1961 michi

147 2069 162 2084 ⁸
182 2075 220 2102 Le
236 2077 298 2102 mot
312 2076 378 2102 erat
392 2079 437 2103 est
457 2071 531 2103 e'crit
551 2072 627 2103 dans
647 2073 675 2103 la
695 2082 797 2114 marge
814 2073 850 2104 de
861 2073 970 2110 droite‚
989 2083 1062 2106 avec
1079 2076 1183 2106 renvoi
1195 2075 1271 2107 dans
1288 2077 1316 2107 le

108 2124 208 2155 texte:
239 2118 266 2149 le
294 2126 357 2150 mot
373 2119 474 2150 nullus
500 2126 544 2151 est
572 2120 647 2151 e‘crit
671 2130 724 2151 sur
743 2130 783 2150 un
809 2127 961 2162 grattage.

147 2163 175 2179 *⁷*
195 2165 258 2196 Pol.
278 2173 314 2206 ²3
336 2173 378 2197 νο.

146 2212 282 2243 1””ἰιιι1[ιι
308 2219 354 2244 est
368 2213 443 2244 e'crit
459 2223 494 2244 en
516 2214 600 2250 haut,
624 2214 792 2245 au-dessus
810 2214 847 2246 de
867 2216 894 2247 la
913 2216 1004 2258 ligne.

146 2258 203 2275 Μ
222 2259 263 2291 lei
278 2260 306 2291 le
318 2260 406 2302 signe
425 2260 491 2302 deja
513 2261 639 2302 indique'
660 2262 727 2302 plus
742 2262 828 2294 haut.
