1494 2600
671 220 884 257 -34-

170 294 303 345 studijs
337 294 438 336 triui.
467 300 564 334 Raro
591 296 665 335 ulla
695 308 857 347 unquam
890 309 981 336 sano
1011 297 1123 337 michi
1151 297 1231 338 dies
1257 299 1376 339 otiosa

171 359 350 410 preterijt,
379 359 469 411 quin
498 370 561 400 aut
576 361 751 413 legerem,
777 370 842 401 aut
874 361 1088 411 scriberem,
1113 372 1178 403 aut
1196 362 1243 402 de
1262 363 1377 404 literis

169 423 388 477 cogitarem,
398 434 461 464 aut
473 425 637 478 legentes
651 425 831 474 audirem,
842 435 907 466 aut
919 426 1052 466 tacitos
1064 427 1270 467 sciscitarer
1282 429 1374 479 (92).

170 492 300 540 Neque
327 489 428 528 uiros
454 498 612 539 tantum,
629 489 693 529 sed
723 499 759 530 et
777 489 886 530 urbes
908 503 1058 543 quoque
1077 491 1213 532 doctas‘
1228 492 1316 543 adij,
1337 502 1377 533 ut

167 552 312 592 doctior
322 552 409 593 inde
423 553 627 606 meliorque
640 564 842 595 reuerterer
855 557 946 607 (93lt
967 557 1374 608 Montempessulanum

168 617 304 670 primo,
337 618 436 670 quod
469 631 534 671 per
555 632 674 659 annos
707 619 865 671 pueritie
896 620 1142 673 propinquior
1171 621 1223 661 illi
1257 635 1374 662 essem

168 682 264 730 loco,
303 685 404 734 [mox
433 684 655 733 Bononiam,
693 694 780 737 post
799 685 1064 736 Tholosam]*,
1099 696 1136 726 et
1157 686 1376 727 Parisius**

169 748 456 800 Patauiumque,
475 758 512 788 et
533 749 729 801 Neapolim
750 751 825 801 (94l
845 750 907 789 ubi
926 760 1015 790 tunc
1034 750 1190 791 florebat
1209 751 1301 801 (scio
1319 765 1377 792 me

167 813 367 852 multorum
403 826 511 853 aures
538 815 715 867 pungere)
754 814 817 854 ille
844 827 972 867 regum
1007 824 1043 855 et
1070 815 1375 868 philosophorum

165 878 280 918 nostri
309 878 367 917 eui
391 877 574 917 maximus
607 878 811 928 Robertus‚
834 892 909 926 non
937 879 1107 920 doctrine
1134 893 1246 933 quarn
1273 881 1375 935 regni

119 934 131 942 ⁶
164 942 283 996 gloria
303 942 473 993 inferi0r3
502 956 613 995 quem
645 944 715 983 mei
737 944 879 985 iudices
902 944 1136 998 ignorantem
1164 955 1314 995 uocant,
1336 955 1377 986 ut

164 1007 355 1048 infamiam
378 1017 483 1047 tanto
509 1020 592 1047 cum
614 1021 699 1062 rege
719 1021 955 1049 communem
973 1022 1070 1062 pene
1090 1009 1201 1050 michi
1222 1010 1377 1050 arbitrer

163 1073 379 1126 gloriosam,
401 1085 627 1125 quamquam
647 1083 683 1113 et
704 1087 788 1113 cum
799 1074 882 1125 aliis
903 1075 1050 1127 utrique
1069 1085 1236 1116 nostrum
1257 1075 1376 1127 possit

163 1150 245 1177 esse
267 1137 475 1177 communis
495 1137 645 1177 etfama
666 1148 702 1178 et
717 1148 816 1179 etate
833 1139 1059 1190 maioribus3
1086 1139 1133 1179 de
1151 1152 1226 1192 quo
1246 1139 1283 1179 in
1302 1139 1376 1179 fine

161 1202 328 1242 dicturus
357 1211 653 1252 sum3ceterum
687 1203 734 1243 de
773 1204 846 1243 hoc
878 1217 964 1258 rege
993 1214 1031 1245 et
1065 1204 1167 1244 orbis
1201 1213 1303 1244 totus
1337 1211 1375 1245 et

160 1266 298 1306 ueritas
329 1267 367 1306 in
396 1266 580 1307 contraria
612 1266 714 1307 fuere
741 1269 940 1311 sententia.
965 1274 1044 1323 Ego
1075 1279 1200 1309 autem
1227 1269 1374 1309 iuuenis

159 1345 284 1372 senem
305 1331 408 1372 illum
429 1344 504 1371 non
528 1342 567 1372 ut
588 1345 712 1386 regem
739 1334 836 1373 colui
859 1336 977 1388 (reges
997 1333 1095 1374 enim
1122 1334 1264 1386 passim
1285 1335 1371 1387 plu-

158 1396 270 1445 rimi),
303 1397 367 1436 sed
403 1406 444 1437 ut
484 1409 605 1436 rarum
645 1397 783 1450 ingenii
819 1399 1054 1448 miraculum,
1093 1399 1373 1452 uerendumque

157 1462 358 1502 sacrarium
388 1462 591 1504 literarum.
624 1466 703 1516 Ego
733 1463 785 1503 illi
817 1473 852 1504 et
880 1463 1028 1505 fortuna
1062 1474 1098 1504 et
1126 1463 1234 1504 annis
1267 1474 1372 1505 tanto

156 1527 289 1578 impar,
302 1526 401 1579 quod
413 1526 534 1566 adhuc
546 1527 672 1567 multis
683 1535 740 1567 est
757 1537 902 1577 notum,
920 1529 958 1569 in
975 1529 1038 1569 illa
1053 1529 1144 1569 urbe
1158 1529 1368 1581 presertim,

153 1590 441 1631 familiarissime
479 1604 586 1631 carus
629 1591 695 1641 fui,
739 1605 814 1632 non
858 1593 999 1634 meritis
1042 1594 1134 1634 meis
1172 1594 1257 1634 ullis
1300 1603 1367 1634 aut

153 1670 334 1702 meorum,
360 1669 481 1709 neque
501 1656 721 1697 militaribus
740 1667 805 1698 aut
821 1657 952 1698 aulicis
973 1658 1132 1708 artibus,
1157 1671 1232 1711 que
1253 1658 1364 1699 michi

153 1722 304 1773 penitus
335 1722 437 1761 nulle
468 1716 588 1771 erant,
625 1722 688 1762 sed
719 1722 885 1775 ingenio,
915 1733 956 1764 ut
984 1722 1123 1774 aiebat,
1154 1736 1199 1764 ac
1228 1723 1361 1765 literis.

153 1790 227 1826 Aut
247 1787 327 1838 ipse
347 1785 585 1839 igituriudex
605 1787 738 1836 malus,
755 1797 819 1828 aut
838 1780 908 1841 ego
924 1786 1053 1828 custos
1066 1778 1278 1840 pessimus,
1299 1787 1363 1840 qui

153 1851 338 1891 studendo
372 1864 528 1904 semper
561 1861 598 1892 et
630 1851 834 1892 laborando
871 1852 1127 1895 dedidicerim.
1163 1853 1363 1893 Maximam

149 1926 317 1968 preterea
341 1925 453 1968 atque
482 1915 663 1969 optimam
686 1916 819 1968 studijs
842 1916 919 1958 uite
939 1927 1081 1970 partem
1107 1917 1170 1958 illa
1199 1917 1237 1957 in
1260 1916 1363 1957 curia

144 2115 219 2147 ecrit
251 2115 326 2146 dans
352 2116 379 2146 le
414 2115 509 2146 meme
536 2116 710 2147 caractere:
739 2117 794 2148 uite
823 2121 939 2157 tempus,
973 2116 1026 2157 qui
1057 2122 1118 2147 sert
1155 2116 1193 2148 de
1233 2116 1360 2156 reclame

144 2160 162 2193 a
182 2162 209 2193 la
230 2162 377 2202 premiere
393 2172 470 2203 page
487 2163 527 2193 du
547 2163 649 2194 cahier
663 2163 799 2194 suivant.

185 2208 199 2223 *
222 2214 274 2240 Les
295 2216 372 2240 mots
392 2217 476 2240 entre
501 2210 637 2241 crochets
659 2217 728 2242 sont
746 2210 836 2242 ecrits
856 2220 909 2242 sur
937 2220 978 2241 un
1001 2217 1151 2253 grattage.

184 2255 212 2270 ‘¹'
237 2255 402 2296 Pe'trarque
420 2257 502 2287 avait
521 2256 647 2288 d’abord
664 2258 719 2288 mis
740 2258 778 2288 ici
795 2267 835 2288 un
859 2258 945 2298 point
966 2257 1040 2298 qu’il
1061 2267 1077 2288 a
1095 2258 1174 2289 biffe'.
