1494 2600
120 271 222 324 quod
240 280 327 311 ante
345 270 547 310 aduentum
570 270 687 310 sancti
703 269 863 322 Spiritus
883 269 955 323 ipsi
977 270 1088 311 etiam
1104 270 1264 323 apostoli
1282 270 1333 311 ti-

120 345 295 376 muerunt
308 339 337 386 (ι
353 344 428 387 341,
448 335 512 375 sed
528 335 584 375 his
598 335 734 388 quibus
750 335 917 376 abundat
936 335 1028 376 iocis
1046 335 1330 385 efficacissimis,

121 401 259 454 quibus
278 402 416 441 clarum
445 400 509 440 flat
530 400 839 454 intelligentibus,
863 401 909 440 de
941 414 985 441 eo
1006 401 1090 454 ipso
1109 401 1209 454 quod
1237 410 1333 442 trac·
1359 446 1363 449 ,

120 466 280 507 ῖειηάυῐῐι”
300 475 553 518 assumpserat
583 466 671 518 quid
693 465 858 515 sentiret,
877 476 918 506 ut
945 474 1087 506 sortem
1110 479 1215 506 suam
1241 465 1331 520 se'pe

120 532 217 572 inter
239 531 435 584 legendum
463 531 672 579 miseratus,
696 531 777 582 ipse
798 544 942 571 mecum
968 529 1104 572 tacitus
1125 532 1331 584 dolensque

120 596 302 648 suspirem
326 596 426 648 quod
448 609 576 635 uerum
603 600 720 635 Deum
748 593 804 635 uir
824 596 887 636 ille
906 610 982 636 non
1005 596 1174 646 nouerit;
1202 596 1332 648 paucis

119 662 218 702 enim
253 671 340 701 ante
370 661 478 701 Cristi
517 671 637 701 ortum
670 661 776 700 annis
815 661 958 701 obierat
990 662 1196 714 oculosque
1232 674 1331 701 mors

117 727 318 775 clauserat,
360 726 428 765 heu
446 726 452 765 !
490 725 626 778 quibus
652 739 672 765 e
701 725 873 777 proximo
911 727 1033 766 noctis
1067 726 1241 766 er*ratice
1286 729 1331 766 ac

120 792 353 833 tenebrarum
370 790 454 830 finis
470 800 506 831 et
526 790 693 831 ueritatis
712 789 875 839 initium,
898 804 1060 844 uereque
1087 791 1181 831 lucis
1199 802 1331 831 aurora

117 867 156 898 et
175 856 316 898 iustitie
333 857 387 896 sol
403 847 659 910 instabat.Qi
673 865 798 895 tamen
817 855 946 896 Cicero
969 856 1049 908 ipse
1061 856 1138 896 suis
1156 856 1193 895 in
1208 855 1326 904 libris,

119 923 214 975 quos
237 921 452 962 innumeros
470 920 632 972 scripsit,
656 920 724 960 etsi
751 934 914 960 errorum
936 930 1100 961 torrente
1118 921 1329 974 uulgarium

120 989 261 1040 lapsus,
281 1000 370 1039 sepe
388 986 478 1026 deos
498 985 678 1034 nominet,
701 995 738 1026 et
764 999 853 1037 sepe
874 985 958 1026 illos
982 996 1108 1026 tamen
1127 986 1269 1034 irridet,
1291 997 1331 1027 ut

115 1052 209 1102 dixi,
228 1062 266 1093 et
285 1052 356 1092 iarn
371 1050 488 1091 indea
504 1051 699 1091 iuuentute
713 1064 794 1099 sua,
807 1050 920 1091 libros
942 1051 1203 1092 lnuentionum
1223 1053 1251 1103 (r
1268 1064 1281 1103 3
1296 1054 1325 1105 ς)

119 1118 297 1164 scribens,
320 1116 477 1164 dixerat,
501 1129 565 1156 eos
591 1116 654 1168 qui
689 1115 928 1168 philosophie
954 1116 1043 1156 dent
1078 1129 1229 1168 operam
1254 1130 1329 1156 non

118 1182 286 1223 arbitrari
300 1181 391 1221 deos
402 1194 483 1221 esse
496 1183 525 1231 (ι
542 1183 616 1231 36).
633 1185 778 1233 Nempe
795 1185 913 1220 Deum
926 1194 1050 1229 nosse,
1071 1194 1146 1221 non
1165 1181 1271 1231 deos,
1286 1194 1329 1221 ea

114 1249 266 1288 demum
286 1259 373 1287 uera
394 1255 430 1286 et
444 1258 587 1286 summa
609 1245 846 1298 philosophia
860 1255 916 1286 est
931 1260 940 1297 3
954 1246 1004 1286 ita
1025 1246 1125 1295 dico,
1144 1245 1173 1286 si
1195 1247 1327 1300 cogni-

115 1313 208 1354 tioni
228 1312 347 1365 pietas
368 1320 404 1352 et
423 1310 542 1351 fidelis
562 1311 685 1351 cultus
711 1307 926 1353 accesserit.
952 1311 1054 1351 Idem
1075 1324 1226 1364 quoque
1255 1311 1328 1351 iam

115 1378 253 1427 senior,
276 1377 333 1417 his
351 1377 442 1428 ipsis
462 1376 499 1416 in
520 1376 637 1424 libris,
660 1389 755 1429 quos
776 1377 822 1416 de
841 1376 912 1428 dijs
933 1389 1007 1416 non
1029 1376 1076 1415 de
1090 1376 1161 1416 deo
1182 1376 1325 1424 scribit,

117 1444 180 1484 ubi
195 1456 276 1483 sese
289 1441 447 1494 colligit,
463 1441 612 1494 quantis
627 1441 763 1495 ingenii
782 1442 851 1482 alis
869 1441 1066 1490 attollitur,
1085 1451 1125 1482 ut
1139 1441 1326 1482 interdum

114 1522 190 1564 non
211 1521 396 1562 paganum
418 1506 696 1559 philosophum,
729 1507 791 1547 sed
817 1507 1032 1559 apostolum
1066 1507 1168 1559 loqui
1195 1517 1327 1560 putes;

115 1574 225 1627 quale
246 1583 303 1614 est
328 1572 418 1613 illud
443 1572 479 1612 in
500 1572 620 1624 primo
641 1582 768 1612 contra
790 1572 974 1612 Velleium
997 1573 1117 1623 (137l,
1147 1571 1328 1624 Epicuree

113 1638 297 1679 sententie
314 1636 573 1677 defensorem:
597 1651 617 1676 <‹
642 1642 726 1686 Eos,
751 1636 886 1689 inquit,
913 1637 1169 1690 uituperabas,
1186 1637 1250 1690 qui
1282 1650 1327 1678 ex

112 1703 288 1757 operibus
311 1702 519 1756 magnificis
536 1711 649 1754 atque
671 1701 862 1754 preclaris,
878 1714 964 1742 cum
980 1702 1103 1755 ipsum
1126 1702 1323 1751 mundum,

111 1767 197 1810 cum
217 1769 296 1809 eius
318 1767 496 1817 membra,
519 1767 653 1816 celum,
677 1777 806 1817 terras,
844 1767 972 1816 maria,
1003 1780 1165 1820 cumque
1193 1781 1323 1807 eorum

112 1833 273 1887 insignia
300 1833 416 1873 solem
449 1842 486 1873 et
518 1833 660 1882 lunam,
694 1833 896 1885 stellasque
930 1832 1128 1881 uidissent,
1166 1845 1327 1886 cumque

111 1909 321 1951 temporum
343 1897 590 1946 maturitates,
623 1897 846 1937 mutationes
875 1896 1231 1949 uicissitudinesque
1260 1910 1327 1938 co-

113 1963 348 2018 gnouissent‚
372 1962 552 2015 suspicati
574 1972 660 2002 sunt
686 1962 849 2015 aliquam
876 1975 958 2002 esse
977 1963 1222 2003 excellentem
1244 1976 1325 2015 pre-

113 2038 348 2081 stantemque
368 2037 553 2075 naturam,
571 2041 644 2080 que
663 2027 730 2068 hec
744 2027 940 2077 effecisset,
958 2027 1140 2078 moueret,
1165 2038 1322 2081 regeret,

111 2093 348 2147 gubernaret.
362 2107 381 2131 »
395 2098 406 2133 1
412 2106 434 2132 n
447 2093 610 2133 secundo
621 2102 746 2133 autern
758 2096 788 2144 (1
804 2092 878 2144 38):
895 2107 914 2132 «
929 2093 1040 2147 Qid,
1053 2092 1187 2146 inquit,
1202 2102 1328 2146 potest

152 2233 166 2248 *
189 2234 252 2265 Fol„
278 2242 314 2273 ¹4
334 2236 377 2263 νο.
