1494 2600
148 317 303 356 alterum
337 316 524 369 principes
559 329 819 369 proceresque,
852 316 1010 356 alterum
1042 315 1214 354 uniuersa
1248 313 1358 366 plebs

147 381 287 423 laudet.
310 386 339 420 A
365 381 565 422 maioribus
597 382 721 430 Plato,
753 380 964 421 Aristotiles
996 380 1206 420 laudatura
1237 379 1354 431 pluri-

149 446 216 486 bus
235 447 355 497 (241l3
376 456 412 486 et
427 459 448 486 a
470 446 615 500 magnis
627 456 662 486 et
679 459 698 486 a
712 446 854 495 multis,
868 445 943 485 imo
960 446 1008 485 ab
1023 445 1197 485 omnibus
1219 445 1356 497 dignus

122 534 125 537 -
147 521 302 564 uterque
325 512 482 554 laudari.
506 516 558 551 Eo
582 511 679 551 enim
705 511 816 550 ambo
836 510 1069 550 naturalibus
1094 520 1207 562 atque
1224 510 1356 549 huma—

147 576 204 615 nis
228 576 263 615 in
291 576 401 616 rebus
426 586 687 628 peruenerunt,
710 589 785 628 quo
813 576 961 616 mortali
990 576 1140 629 ingenio
1166 588 1210 615 ac
1230 573 1355 615 studio

146 641 329 693 perueniri
355 651 493 693 potest.
516 646 556 681 In
579 641 716 680 diuinis
737 640 849 680 altius
873 641 1043 680 ascendit
1065 641 1174 680 Plato
1194 653 1238 680 ac
1263 641 1354 679 Pla-

145 706 260 747 tonici
277 707 395 757 l242'),
408 719 633 758 quamquam
646 715 774 746 neuter
786 706 980 758 peruenire
998 705 1160 757 potuerit
1172 718 1248 757 quo
1269 715 1354 745 ten-

145 771 272 813 debat.
297 771 382 820 Sed,
413 781 454 811 ut
483 771 574 820 dixi,
610 771 764 823 propius
788 771 890 810 uenit
915 771 1037 819 Plato,
1064 771 1110 810 de
1133 783 1208 822 quo
1228 771 1355 810 nullus

145 836 403 876 cristianorum
432 846 468 877 et
492 836 664 888 inprimis
693 836 892 889 Augustini
922 835 1097 876 librorum
1126 835 1246 875 fidelis
1274 836 1357 875 lec-

145 911 202 941 tor
222 901 455 942 hesitaue*rit
476 901 600 953 ;quod
617 914 684 941 nec
703 900 821 950 Greci,
838 901 1011 952 quamuis
1030 901 1140 941 hodie
1163 901 1352 941 literarum

143 966 274 1017 nescii,
297 966 546 1015 dissimulant,
568 966 749 1005 maiorum
771 979 834 1018 per
858 965 1016 1019 uestigia
1039 967 1234 1006 Platonem
1257 966 1357 1006 diui-

144 1044 246 1080 num,
273 1030 502 1071 Aristotilem
537 1031 750 1070 demonium
779 1032 881 1082 (243l
918 1041 1193 1083 nuncupantes.
1224 1036 1361 1084 Neque

145 1110 204 1136 me
224 1109 368 1136 rursum
392 1095 500 1145 fallit,
526 1106 665 1148 quanta
688 1097 725 1136 in
747 1096 850 1136 libris
872 1096 948 1136 suis
973 1097 1009 1135 in
1032 1097 1228 1137 Platonem
1256 1096 1354 1137 Aris-

143 1161 270 1200 totiles
289 1161 481 1213 disputare
501 1161 550 1201 sit
573 1161 705 1201 solitus
724 1176 733 1211 ;
758 1161 858 1213 quod
880 1174 991 1213 quam
1011 1161 1166 1202 honeste
1187 1166 1222 1201 e't
1240 1175 1352 1214 quam

143 1227 271 1278 procul
303 1239 324 1265 a
353 1226 562 1279 suspitione
587 1226 729 1266 inuidie
756 1225 882 1275 faciat,
905 1227 1077 1279 quamuis
1097 1226 1236 1266 alicubi
1256 1227 1357 1266 ami-

143 1303 227 1330 cum
259 1292 468 1340 Platonem,
501 1291 565 1331 sed
598 1291 813 1331 amiciorem
850 1301 993 1332 asserat
1024 1291 1235 1341 ueritatem,
1274 1293 1359 1344 ipse

144 1355 293 1404 uiderit,
314 1355 500 1408 simulque
527 1357 598 1396 hoc
619 1356 688 1396 sibi
711 1356 853 1396 dictum
877 1356 1019 1398 audiat.
1045 1357 1167 1396 Facile
1191 1367 1247 1397 est
1266 1370 1350 1396 curn

144 1430 290 1461 mortuo
310 1421 464 1474 litigare.
487 1426 603 1476 Quem
625 1431 750 1461 tamen
772 1422 877 1462 multi
900 1422 969 1461 uiri
992 1422 1143 1461 maximi
1162 1433 1247 1474 post
1268 1422 1354 1462 obi-

142 1494 220 1525 tum
250 1485 510 1536 defenderunt,
532 1485 752 1526 nominatim
779 1486 966 1539 in-ydeis,
997 1497 1125 1526 contra
1158 1500 1251 1539 quas
1279 1500 1352 1526 ua-

141 1549 216 1589 lide
237 1563 366 1590 omnes
398 1550 535 1603 ingenii
572 1551 628 1590 sui
658 1564 793 1591 neruos
824 1551 885 1591 ille
913 1551 1117 1591 acerrimus
1142 1552 1359 1604 disputator

141 1614 362 1657 intenderat.
388 1615 590 1655 Notissima
612 1615 811 1669 Augustini
830 1619 934 1668 (244)
949 1616 1067 1669 ipsius
1086 1629 1130 1656 ac
1142 1629 1270 1656 secura
1289 1617 1353 1657 de-

141 1678 262 1719 fensio
282 1689 353 1728 est,
376 1679 434 1719 cui
456 1679 558 1732 pium
589 1693 741 1732 quoque
770 1681 946 1721 lectorem
978 1695 1053 1721 non
1075 1682 1196 1722 minus
1223 1695 1352 1723 assen-

141 1756 266 1783 surum
288 1757 367 1784 rear
392 1758 504 1797 quam
525 1746 582 1784 uel
602 1745 783 1785 Aristotili
811 1746 868 1785 uel
889 1746 1089 1788 Platoni**.
1116 1751 1235 1787 Unum
1255 1747 1356 1787 inci-

140 1807 270 1848 denter
290 1808 349 1848 hic
374 1809 544 1858 dixerim,
576 1820 615 1850 ut
645 1823 804 1849 errorem
833 1824 998 1850 meorum
1029 1811 1194 1854 iudicum
1218 1812 1353 1865 hisque

141 1872 317 1913 similium
339 1873 501 1914 refellam
522 1889 530 1925 3
551 1875 614 1926 qui
634 1875 736 1928 uulgi
756 1875 925 1928 uestigiis
952 1876 1178 1924 insistentes,
1203 1877 1348 1929 opinari

141 1938 275 1987 solent,
309 1948 346 1979 et
373 1939 576 1979 insolenter
595 1952 662 1979 nec
684 1942 806 1980 minus
828 1940 1042 1993 ignoranter
1062 1941 1212 1982 obicere
1235 1944 1349 1983 multa

141 2002 337 2055 scripsisse
371 2004 616 2046 Aristotilem.
654 2010 783 2057 Neque
820 2005 879 2046 hic
915 2016 1062 2046 errant:
1099 2007 1213 2047 multa
1251 2007 1348 2047 enim

144 2067 294 2120 scripsit
314 2068 575 2120 proculdubio,
606 2071 710 2122 plura
728 2070 840 2110 etiam
861 2084 972 2123 quam
994 2071 1175 2124 cogitent,
1207 2072 1350 2125 quippe

182 2180 196 2195 ⁸
216 2180 279 2210 Fol.
300 2180 338 2210 28
355 2184 393 2211 τ’.

180 2227 209 2242 ”
231 2229 309 2258 Tout
324 2236 357 2258 ce
372 2237 512 2269 passage,
530 2228 654 2269 depuis:
674 2233 771 2269 Neque
786 2239 828 2260 me
842 2240 1011 2270 rursum...,
1028 2237 1073 2262 est
1092 2230 1165 2263 ecrit
1183 2241 1222 2262 au
1243 2232 1296 2262 bas
1313 2232 1355 2263 de

140 2274 167 2304 la
177 2283 267 2315 page,
290 2283 362 2306 avec
379 2276 483 2305 renvoi
504 2275 580 2306 dans
601 2277 626 2307 le
649 2283 740 2307 texte.
