1494 2600
642 191 857 231 -29-

145 270 244 323 quod
276 270 466 318 uolebant,
489 269 588 322 quod
624 282 699 308 non
732 277 811 307 erat
839 266 1023 308 dederint.
1057 271 1139 321 Qo
1174 265 1354 306 iacturam

146 335 227 388 ipse
252 335 390 375 solarer
410 347 545 383 meam,
573 333 637 374 sed
668 332 767 372 inani
792 332 941 380 solatio,
966 344 1105 371 morem
1128 331 1166 370 in
1193 344 1252 370 me
1271 345 1356 371 mu-

147 399 273 444 liebris
292 399 433 440 inuidie
452 398 600 450 secuti3
633 411 707 451 que
739 398 768 438 si
799 397 966 449 queritur
993 397 1039 436 de
1068 396 1190 436 uicine
1218 395 1352 445 forma,

147 465 281 505 bonam
302 465 403 504 illam
421 474 457 505 et
477 464 571 504 bene
592 473 773 503 moratam
793 462 884 502 dicit
905 476 914 512 ;
936 475 1066 502 omnes
1086 461 1248 514 denique
1268 462 1357 502 titu-

146 530 216 575 los,
249 529 365 570 falsos
400 530 500 579 licet,
533 529 585 569 illi
610 528 723 577 cedit,
754 541 868 568 unum
903 537 939 567 et
970 526 1128 567 fortasse
1154 540 1282 567 uerum
1316 537 1357 568 ut

146 594 278 647 eripiat
299 595 463 634 formose
487 607 638 635 nomen.
675 598 723 634 At
751 603 807 641 tu,
840 597 940 632 Deus
974 605 1093 640 meuS,
1116 592 1356 632 scientiarum

145 659 310 709 domine,
332 669 435 700 extra
461 673 570 712 quem
593 672 667 699 non
691 668 747 699 est
768 658 878 707 alius,
909 671 1020 710 quem
1051 667 1088 697 et
1116 657 1298 698 Aristotili
1322 667 1358 698 et

120 770 122 772 ‚
146 724 379 777 philosophis
399 723 631 777 quibuslibet
649 737 693 764 ac
715 723 851 776 poetis,
876 732 912 763 et
931 723 1148 775 quicunque
1169 722 1356 775 multipli-

146 799 232 830 cant
257 789 359 842 loqui
392 789 566 829 sublimia
597 789 818 842 gloriantes,
848 801 959 840 quem
989 787 1151 839 denique
1179 787 1294 827 literis
1313 800 1358 827 ac

146 853 325 894 doctrinis
360 864 397 894 et
428 855 581 894 omnino
614 853 724 893 rebus
759 853 934 893 omnibus
953 853 971 871 *
991 851 1151 905 preferre
1182 852 1301 892 debeo
1322 862 1358 893 et

147 920 258 970 uolo;
282 929 321 959 tu
355 919 466 959 michi
498 919 598 971 quod
632 919 684 959 illi
714 917 849 958 falsum
882 917 1051 958 tribuunt
1071 917 1150 971 ,uiri
1179 917 1357 962 bonino-

147 997 246 1034 men,
277 985 439 1024 tribuere
470 997 599 1024 uerum
633 994 755 1036 potes,
789 993 827 1023 et
859 993 900 1023 ut
933 983 1026 1023 uelis
1058 996 1201 1035 precor.
1228 987 1359 1035 Neque

107 1063 110 1066 ’
149 1059 224 1090 tam
242 1061 379 1090 nomen
401 1050 555 1098 bonum,
578 1049 678 1102 quod
705 1048 904 1102 unguentis
934 1048 1118 1100 preciosis
1136 1048 1272 1100 prefert
1296 1053 1360 1108 Sa-

148 1115 275 1155 lomon
294 1116 389 1167 (78),
420 1127 532 1167 quam
555 1127 630 1154 rem
654 1114 773 1167 ipsam
794 1126 925 1166 posco,
950 1123 991 1153 ut
1016 1113 1086 1153 sim
1108 1113 1242 1162 bonus,
1263 1124 1304 1154 ut
1323 1124 1360 1154 te

147 1192 267 1220 amem
288 1180 482 1232 amarique
502 1192 643 1219 merear
663 1179 730 1219 abs
751 1189 801 1221 te.
826 1183 945 1218 Nemo
967 1178 1064 1218 enim
1089 1178 1143 1218 sie
1163 1178 1240 1218 suis
1258 1192 1358 1218 ama-

147 1244 291 1285 toribus
307 1244 428 1284 uicem
440 1244 575 1293 reddit,
592 1254 632 1285 ut
651 1253 688 1284 te
705 1244 886 1297 cogitem,
909 1243 977 1284 tibi
993 1243 1192 1296 obsequar,
1216 1243 1254 1283 in
1266 1243 1304 1263 **
1323 1254 1360 1284 te

148 1310 366 1362 sperem‚de
379 1320 416 1350 te
436 1310 581 1362 loquar.
607 1309 800 1349 Recedant
818 1319 944 1349 uetera
964 1309 1012 1348 de
1034 1321 1097 1348 ore
1118 1322 1214 1358 meo,
1236 1319 1272 1349 et
1291 1309 1359 1349 tibi

148 1384 390 1428 preparentur
419 1375 667 1428 cogitationes
679 1374 737 1394 ***
761 1379 954 1417 mee.vere
970 1374 1068 1414 enim
1084 1373 1192 1413 arcus
1207 1373 1358 1414 fortium

148 1449 343 1492 superatus
364 1450 419 1480 est
436 1450 472 1480 et
495 1440 628 1480 infirmi
651 1439 809 1480 accincti
831 1449 919 1479 sunt
935 1439 1068 1479 robore
1085 1441 1180 1491 (79);
1196 1439 1359 1480 felicior-

148 1517 222 1557 que
241 1514 297 1545 est
322 1505 439 1545 multo
466 1518 561 1545 unus
588 1518 633 1545 ex
679 1504 835 1557 pusillis
855 1504 938 1545 istis
957 1503 1022 1557 qui
1053 1504 1091 1544 in
1124 1514 1160 1544 te
1186 1505 1357 1554 credunt,

147 1582 258 1622 quarn
278 1570 403 1621 Plato,
423 1583 534 1623 quam
554 1570 781 1618 Aristotiles‚
794 1583 907 1622 quam
930 1574 1060 1619 Varro,
1073 1582 1187 1622 quam
1214 1570 1357 1619 Cicero,

147 1634 210 1686 qui
241 1634 318 1675 suis
347 1635 521 1675 omnibus
547 1648 631 1675 cum
657 1635 773 1675 literis
809 1645 846 1675 te
874 1648 949 1675 non
979 1643 1130 1683 norunt,
1160 1644 1197 1674 et
1218 1634 1359 1675 admoti

148 1699 339 1753 iunctique
357 1699 440 1749 tibi,
454 1701 517 1753 qui
539 1709 641 1752 petra
653 1700 727 1719 ****
746 1713 786 1740 es
803 1700 896 1752 (80),
919 1699 1086 1752 absorpti
1107 1709 1195 1740 sunt
1218 1699 1360 1740 iudices

148 1778 275 1805 eorum
299 1765 394 1816 (81),
428 1775 465 1805 et
499 1765 644 1814 [iterata
678 1765 894 1818 ignorantia
921 1764 1106 1817 patefacta
1128 1774 1198 1806 est.
1241 1765 1362 1804 Litere

148 1829 261 1883 igitur
281 1830 368 1880 sint,
398 1831 455 1870 uel
480 1830 610 1870 horum
631 1830 695 1883 qui
724 1829 807 1870 illas
831 1830 943 1870 michi
973 1829 1161 1878 auferunt,
1191 1830 1251 1869 uel
1274 1829 1383 1882 quia·

149 1895 294 1945 horum,
317 1895 388 1935 nisi
405 1895 527 1945 fallor,
551 1908 633 1935 esse
650 1908 724 1935 non
741 1905 914 1948 possunt,
945 1895 1019 1935 sint
1037 1907 1382 1947 quorumcumque

189 2043 203 2058 ⁴
226 2048 264 2075 Le
280 2051 342 2075 mot
355 2045 486 2076 omnibus
504 2051 549 2076 est
568 2044 643 2076 ecrit
661 2045 738 2076 dans
758 2045 785 2075 la
807 2054 907 2085 marge
922 2044 958 2076 de
974 2045 1071 2076 droite
1087 2053 1094 2083 ς
1114 2045 1134 2076 il
1149 2055 1168 2086 y
1184 2054 1201 2076 a
1219 2055 1259 2076 un
1275 2046 1363 2087 signe

71 2084 80 2093 ‘
102 2131 108 2133 ‚
148 2090 185 2125 de
198 2091 304 2122 renvoi
323 2091 399 2122 dans
419 2092 445 2123 le
465 2099 560 2123 texte.

188 2137 216 2152 ⁸
238 2142 270 2169 ln
286 2145 332 2170 est
348 2138 422 2170 ecrit
442 2149 495 2170 sur
515 2149 555 2170 un
575 2146 725 2181 grattage.

189 2184 231 2202 ***
255 2186 319 2217 Fol.
340 2195 358 2227 7
379 2189 418 2218 r⁰.

188 2232 244 2249 ’Μ
265 2241 293 2264 es
309 2240 355 2265 est
373 2233 447 2264 e'crit
466 2243 517 2265 sur
532 2244 572 2265 un
595 2240 744 2275 grattage.
