1494 2600
594 194 805 232 -μ-

97 271 233 326 pariter
252 283 401 310 manum
421 269 518 310 detis
539 279 574 309 et
591 269 699 309 uobis
723 268 951 322 patientibus
973 268 1104 309 horum
1123 269 1302 309 iudicium

98 349 226 377 uerum
247 335 310 376 sit.
327 339 462 376 Verum
482 335 623 374 utinam
645 334 682 374 in
701 347 744 374 eo
758 334 857 387 quod
877 333 1190 374 michitribuunt!
1207 339 1303 374 Nam

97 401 135 442 in
176 414 220 441 eo
244 400 343 454 quod
375 399 550 452 eripiunt,
586 400 682 439 ultro
711 399 841 448 fateor,
872 399 947 439 imo
981 399 1156 451 profiteor
1175 412 1303 439 uerum

96 479 193 516 esse,
212 465 282 506 etsi
302 464 630 518 iudicesssydoneos
651 465 761 517 plane
776 477 924 518 negem.
949 464 1029 504 Nisi
1050 463 1145 504 forte
1162 478 1206 504 eo
1227 465 1306 505 iure

96 530 163 571 niti
175 530 306 579 uelint,
325 529 424 582 quod
444 530 598 569 istorum
613 530 704 569 deus
720 529 930 569 Aristotiles
943 529 996 568 ait
1014 542 1020 567 :
1047 529 1306 582 unusquisque

97 595 192 636 bene
211 594 351 634 iudicat
363 607 436 646 que
450 593 646 647 cognoscit
665 595 739 645 (84)
755 604 791 634 et
807 607 933 634 eorum
950 593 1069 634 bonus
1090 604 1146 634 est
1170 594 1303 646 iudex;

97 659 230 700 melius
254 672 387 712 nempe
407 659 584 712 cognosci
609 659 723 698 nichil
745 672 856 711 posse
884 658 1069 708 uideatur,
1093 672 1207 711 quam
1228 673 1306 712 quo

96 725 263 765 abundat
290 724 371 777 ipse
390 724 453 776 qui
475 723 637 774 iudicat3
662 734 702 764 ut
722 724 864 764 scilicet
895 724 967 763 hoc
988 723 1141 764 obtentu
1158 724 1306 776 possint

99 789 391 844 ignorantissimi
424 788 593 828 homines
615 789 663 828 de
694 788 902 842 ignorantia
935 788 1113 831 iudicare.
1137 794 1221 829 Non
1251 799 1307 829 est

97 866 220 896 autem
242 855 292 895 ita
311 869 322 906 ·‚
342 864 378 895 et
397 854 444 894 de
467 853 676 907 ignorantia
697 853 795 893 enirn
817 864 853 894 et
876 854 922 893 de
943 853 1126 906 sapientia
1147 864 1183 894 et
1203 855 1249 894 de
1269 868 1307 894 re

97 919 273 973 qualibet·
289 919 469 971 sapientis
494 927 551 958 est
571 918 763 967 iudicium,
778 919 815 958 in
848 932 908 968 eo,
930 918 1098 971 inquam,
1122 919 1304 971 sapientis

97 985 145 1026 de
174 997 250 1037 quo
282 984 434 1025 iudicat.
467 988 597 1036 Neque
627 997 729 1032 uero,
757 993 797 1024 ut
824 984 871 1023 de
906 983 1047 1023 musica
1081 984 1228 1034 musici,
1261 985 1308 1024 de

97 1049 339 1104 grammatica
377 1049 623 1102 grammatici,
659 1049 713 1088 sic
757 1049 803 1088 de
841 1048 1052 1102 ignorantia
1092 1049 1307 1103 ignorantes

86 1115 275 1163 ¹ardicam.
311 1118 405 1154 Sunt
441 1114 578 1166 quibus
608 1114 797 1153 abundare
833 1114 959 1166 inopia
989 1127 1134 1154 summa
1166 1124 1236 1164 est,
1272 1125 1309 1156 et

91 1173 171 1233 “que
190 1179 322 1220 melius
342 1192 363 1219 a
383 1179 551 1231 quolibet
572 1179 794 1227 iudicentur,
818 1192 929 1231 quam
944 1179 992 1218 ab
1007 1192 1051 1219 eo
1065 1180 1129 1231 qui
1148 1179 1308 1219 maxime

99 1245 155 1285 his
189 1244 368 1286 abundat.
396 1243 678 1284 Deformitatem
705 1257 814 1283 nemo
839 1244 962 1283 minus
983 1244 1172 1298 intelligit,
1195 1258 1307 1297 quam

98 1309 275 1350 deformis
298 1310 390 1361 (ὃς),
408 1309 466 1349 cui
489 1322 573 1349 cum
599 1310 660 1349 illa
675 1309 908 1349 familiaritas
929 1310 1000 1349 iam
1019 1319 1211 1350 contracta
1235 1320 1305 1359 est,

99 1384 140 1414 ut
163 1388 236 1428 que
261 1374 415 1415 formosi
448 1376 577 1414 oculos
610 1376 834 1424 uulneraret,
856 1375 951 1415 hanc
981 1374 1052 1415 iste
1072 1389 1146 1415 non
1167 1376 1305 1416 uideat.

100 1440 236 1480 Eadem
254 1440 348 1480 ratio
362 1439 587 1492 reliquorum
608 1440 774 1479 omnium
805 1439 1016 1479 defectuum
1035 1453 1042 1479 :
1073 1454 1183 1480 nemo
1203 1440 1309 1492 peius

97 1507 146 1546 de
169 1505 377 1559 ignorantia
401 1505 679 1557 iudicat‚quam
707 1506 898 1559 ignorans.
922 1510 1006 1545 Non
1027 1506 1122 1546 hec*
1144 1506 1244 1555 dico,
1270 1516 1310 1546 ut

97 1570 280 1611 declinem
303 1569 438 1617 forum,
456 1570 519 1610 sed
543 1580 583 1610 ut
612 1571 764 1622 pudeat,
785 1571 815 1610 si
848 1571 932 1622 quis
964 1581 1020 1611 est
1050 1571 1184 1623 pudor,
1208 1571 1310 1611 iudi—

98 1648 204 1676 casse
215 1635 279 1688 qui
298 1635 483 1677 nesciunt.
502 1640 580 1689 Ego
595 1635 774 1676 etenim**
787 1636 834 1675 de
854 1636 922 1676 hac
938 1649 978 1675 re
998 1649 1071 1675 non
1094 1636 1206 1676 modo
1227 1650 1308 1677 sen-

98 1700 252 1742 tentiam
271 1700 479 1740 amicabilis
491 1702 696 1752 amplector
716 1700 870 1749 inuidie‚
900 1701 964 1740 sed
986 1701 1132 1741 hostilis
1159 1701 1250 1753 odij,
1274 1712 1311 1742 et

97 1766 145 1806 ad
178 1765 563 1818 summam‚quisquis
595 1765 765 1819 ignarum
803 1779 862 1805 me
893 1766 1123 1818 pronuntiat,
1163 1779 1309 1807 mecum

100 1830 229 1872 sentit.
254 1835 348 1870 Nam
379 1841 415 1871 et
447 1844 517 1884 ego
548 1831 629 1882 ipse
654 1831 866 1884 recogitans
903 1843 1016 1882 quam
1050 1833 1166 1871 multa
1198 1831 1310 1872 michi

100 1895 223 1935 desint
240 1895 286 1935 ad
308 1895 343 1951 id
358 1909 434 1948 quo
454 1895 595 1936 sciendi
615 1896 723 1935 auida
741 1909 844 1935 mens
860 1896 1037 1948 suspirat,
1061 1897 1309 1950 ignorantiam

101 1973 220 2000 meam
243 1960 374 2000 dolens
394 1973 438 2000 ac
458 1960 594 2001 tacitus
612 1973 855 2014 recognosco.
874 1961 944 2001 Sed
962 1974 1020 2000 me
1037 1961 1200 2011 interim,
1221 1963 1310 2002 dum

101 2025 284 2078 presentis
317 2025 415 2077 exilij
449 2025 533 2066 finis
566 2026 687 2075 adest,
715 2039 790 2078 quo
823 2036 949 2066 nostra
983 2027 1051 2066 hec
1081 2027 1312 2080 imperfectio

141 2135 155 2151 *
178 2138 242 2168 Fol.
259 2137 276 2168 8
298 2141 336 2168 τῦ.

140 2183 169 2199 ‘¹⁸
193 2184 358 2225 Petrarque
381 2186 462 2225 avait
481 2185 604 2216 d'abord
635 2185 708 2217 e'crit
727 2195 809 2225 emm,
836 2187 904 2226 puis
931 2186 1004 2217 dans
1030 2186 1212 2228 l'interligne
1231 2195 1314 2218 entre

100 2240 154 2273 ego
170 2239 200 2263 et
217 2233 299 2272 enim,
319 2233 338 2263 il
359 2242 375 2263 a
396 2233 508 2273 ajoute,
527 2243 598 2264 avec
618 2243 657 2263 un
671 2234 756 2274 signe
774 2234 810 2265 de
828 2234 943 2270 renvoi,
963 2234 990 2265 le
1010 2241 1073 2265 mot
1092 2239 1131 2265 et.
