1494 2600
109 274 156 314 ad
174 284 322 327 tempus
340 275 493 315 multam
515 275 607 328 tegit
626 273 874 328 ignorantiam
894 287 903 324 ;
923 286 1012 325 sepe
1031 271 1209 324 splendor
1229 283 1315 310 ocu-

111 340 229 379 lorum
255 348 319 380 aut
351 340 446 379 flaua
470 339 629 380 cesaries
661 339 763 379 fedas
796 351 992 391 corporum
1021 336 1173 377 mendas
1200 335 1313 376 uelat.

112 405 182 458 Qi
209 414 328 445 totum
358 414 439 445 tuto
468 405 547 444 uult
580 405 742 452 laudare,
768 414 889 444 totum
924 412 1070 456 oportet
1099 410 1139 441 ut
1174 400 1313 448 uideat,

110 479 228 510 totum
250 469 453 519 examinet,
478 479 597 510 totum
626 470 748 512 libret.
780 469 873 509 Fieri
901 477 1024 521 potest
1045 477 1085 508 ut
1103 467 1203 507 iuxta
1225 464 1313 504 illud

108 535 210 587 quod
241 535 414 584 delectat,
436 535 536 574 aliud
570 536 696 583 lateat,
719 534 818 587 quod
855 534 1074 574 tantundem
1108 533 1165 572 uel
1199 530 1316 570 multo

110 599 221 640 etiam
255 599 375 653 magis
413 600 589 641 offendat.
632 604 726 640 Ecce
761 599 858 639 idem
897 599 1025 638 Cicero
1060 597 1213 645 ibidem,
1252 594 1313 634 ubi

109 665 224 704 multa
245 664 474 718 pergrauiter
497 663 672 705 disseruit
703 675 739 705 et
771 665 900 717 pietati
931 663 1133 710 simillima,
1160 674 1246 700 mox
1267 659 1313 699 ad

109 729 198 769 deos
216 742 303 769 suos
324 739 364 769 ut
386 729 431 768 ad
456 729 638 770 uomitum
658 729 751 770 redit
769 734 797 781 (ι
814 734 888 781 54),
911 727 1172 781 expeditisque
1192 726 1313 765 nomi-

109 794 219 834 nibus
235 804 271 835 et
282 794 526 847 qualitatibus
538 794 784 848 singulorum,
803 807 871 834 nec
885 794 957 833 iam
975 794 1021 833 de
1036 792 1145 832 unius
1159 791 1232 838 dei,
1248 791 1312 830 sed

107 859 260 900 deorum
299 859 532 912 prouidentia
565 870 728 908 acturus,
770 860 872 908 audi,
912 872 1043 911 queso,
1079 857 1167 910 quid
1202 857 1311 896 inter-

108 935 205 965 serat
227 925 353 977 (155):
380 938 400 963 «
418 929 521 979 Qios
550 924 639 964 deos
660 935 696 965 et
729 925 910 972 uenerari,
945 923 1080 976 inquit,
1118 932 1154 962 et
1190 922 1311 962 colere

106 988 300 1031 debemus.
339 990 469 1030 Cultus
497 999 620 1029 autem
645 990 798 1029 deorum
830 998 888 1029 est
925 989 1104 1041 optimus,
1137 987 1309 1039 idemque

106 1054 353 1104 castissimus,
372 1053 687 1107 plenissimusque
706 1054 870 1106 pietatis,
893 1064 933 1095 ut
957 1066 1020 1094 eos
1038 1066 1184 1105 semper
1200 1064 1307 1104 pura,

108 1119 264 1172 integra,
288 1119 502 1171 incorrupta
532 1129 568 1159 et
596 1130 719 1160 mente
739 1129 774 1159 et
800 1132 892 1159 uoce
912 1131 1142 1159 ueneremur.
1167 1132 1186 1155 »
1213 1122 1308 1166 Heu,

108 1183 157 1223 mi
189 1184 329 1233 Cicero,
358 1184 448 1237 quid
475 1184 560 1224 ais?
589 1189 678 1224 Tam
709 1185 784 1224 cito
813 1184 871 1224 dei
904 1185 1014 1224 unius
1043 1194 1080 1223 et
1111 1183 1164 1223 tui
1192 1181 1309 1235 ipsius

107 1249 340 1289 obliuisceris
360 1249 373 1288 ?
394 1249 463 1290 Ubi
485 1250 725 1289 excellentem
746 1250 847 1289 illam
874 1259 1177 1302 prestantemque
1203 1258 1310 1288 natu-

107 1327 198 1362 ram,
219 1316 431 1366 numenque
459 1315 549 1354 illud
572 1314 868 1367 prestantissime
895 1314 1059 1355 mentis?
1082 1314 1151 1354 Ubi
1174 1313 1308 1353 melio-

107 1392 182 1418 rem
203 1379 313 1418 deum
334 1379 497 1428 homine,
518 1389 632 1432 atque
651 1393 777 1419 eorum
799 1393 871 1432 que
899 1380 1059 1419 humana
1089 1379 1146 1418 uel
1169 1378 1311 1418 ratione

107 1443 166 1483 uel
199 1444 366 1495 potentia
398 1444 474 1483 fieri
504 1454 708 1496 nequeunt,
737 1444 929 1484 celestium
960 1444 1115 1493 scilicet,
1151 1443 1309 1483 huiusue

105 1521 216 1560 quem
237 1509 423 1549 cernimus
444 1509 660 1561 sempiterni
688 1509 829 1549 ordinis
850 1510 1059 1550 effectorem
1077 1509 1090 1549 ?
1112 1509 1181 1550 Ubi
1203 1510 1307 1549 illum

104 1573 265 1625 denique
285 1574 433 1614 celestis
455 1587 499 1614 ac
519 1574 645 1614 diuine
665 1575 799 1614 domus
820 1574 1080 1623 habitatorem,
1104 1574 1255 1626 insuper
1272 1584 1308 1614 et

104 1647 285 1678 rectorem
306 1651 350 1678 ac
370 1639 641 1680 moderatorem
673 1649 710 1679 et
732 1649 922 1692 tamquam
948 1639 1193 1680 architectum
1213 1638 1307 1679 tanti

104 1703 227 1755 operis
244 1703 439 1756 reliquisti,
463 1714 499 1744 et
522 1704 628 1756 quasi
649 1718 668 1744 e
691 1705 804 1744 domo
826 1704 888 1744 illa
910 1705 1052 1745 siderea
1071 1717 1183 1757 quam
1204 1714 1307 1757 grata

103 1766 174 1807 sibi
193 1766 426 1808 confessione
451 1769 650 1821 prebueras
671 1769 863 1821 depulisti,
885 1769 973 1809 dum
995 1779 1071 1810 tam
1087 1769 1192 1809 fedos
1212 1779 1307 1808 tam-

102 1845 175 1884 que
199 1832 372 1886 indignos
396 1833 428 1872 ei
453 1833 608 1874 comites
627 1834 749 1883 dares,
772 1834 985 1886 aspernanti
1006 1844 1117 1886 atque
1133 1847 1196 1874 ore
1216 1847 1306 1886 pro-

103 1896 253 1949 phetico
273 1898 541 1950 proclamanti:
565 1899 723 1940 Videte*
742 1900 842 1952 quod
867 1913 938 1953 ego
957 1914 1037 1940 sum
1060 1901 1161 1940 solus
1180 1910 1216 1940 et
1232 1913 1308 1940 non

103 1971 159 2002 est
174 1962 270 2002 alius
287 1962 378 2003 deus
399 1973 521 2016 preter
542 1977 600 2003 me
618 1966 646 2017 (ι
663 1964 719 2017 56)
737 1964 750 2004 ?
774 1965 843 2020 Qi
859 1975 945 2005 sunt
961 1965 1074 2019 igitur
1088 1965 1123 2005 hi
1144 1965 1232 2005 noui
1254 1978 1307 2004 re-

101 2037 303 2079 centesque
322 2038 358 2068 et
379 2027 536 2068 infames
554 2028 620 2080 dij,
645 2043 740 2082 quos
759 2029 794 2069 in
812 2030 964 2070 domum
990 2030 1138 2070 Domini
1159 2030 1305 2070 conaris

99 2091 318 2132 intrudere?
339 2097 481 2134 Suntne
502 2093 537 2133 hi
558 2094 604 2134 de
623 2094 761 2147 quibus
781 2095 961 2148 propheta
986 2096 1078 2135 alter
1096 2095 1149 2136 ait
1165 2100 1194 2148 (ι
1211 2098 1268 2148 57)
1286 2109 1297 2135 z

138 2233 152 2248 ³
175 2235 238 2266 Fol.
261 2235 294 2266 18
312 2239 354 2267 v⁰.
