1494 2600
686 246 901 286 ,92-

186 335 334 371 nosum‚
356 333 391 362 et
415 321 720 375 Agame[m]noni
745 326 943 362 Grecorum
968 322 1059 374 regi,
1082 331 1118 361 et
1141 321 1277 362 Achilli
1297 317 1389 361 Gre—

187 399 314 426 corum
343 386 547 426 fortissimo
570 387 825 427 detrahentem
854 387 1004 438 publice
1031 386 1133 426 Ylias
1161 395 1286 426 narrat
1316 390 1394 425 Ho-

187 451 322 491 merica
343 452 460 502 (284),
483 462 520 491 et
545 456 725 491 Drancem
737 455 862 490 Turno
880 451 1002 491 uerbis
1021 451 1256 491 iniuriantem
1269 454 1393 504 Eneys

187 515 390 568 virgiliana
411 526 569 556 testatur
590 516 714 568 (285).
737 516 807 555 Sed
829 516 888 555 hic
908 515 989 555 miri
1005 515 1175 565 nichil*;
1215 525 1271 555 est
1290 515 1389 554 enim

186 581 380 632 contrariis
397 581 493 621 inter
506 594 545 620 se
559 581 725 621 naturale
739 581 879 622 odium.
898 585 1044 635 Qanta
1057 580 1094 620 in
1108 581 1237 620 diuum
1254 579 1391 619 Julium

186 655 222 685 et
247 651 456 699 Augustum
479 651 631 686 Cesares
652 646 709 684 uel
729 646 778 685 ab
803 646 933 685 amicis
948 646 1005 685 uel
1023 645 1072 685 ab
1099 645 1270 686 hostibus
1290 644 1390 684 dicta

185 711 300 751 sunt?
334 711 425 750 Illud
446 724 557 763 supra
577 711 685 750 fidem
713 721 859 763 stupeo,
882 711 982 767 quod
1007 710 1236 750 Pescennius
1259 709 1388 762 Niger,

185 775 241 815 uir
261 775 499 823 fortissimus,
520 775 736 828 progeniem
758 775 989 827 Scipionum,
1009 785 1090 815 toto
1115 779 1284 814 Romano
1301 773 1394 814 orbe

184 841 414 892 precipuam,
444 840 667 894 fortunatam
698 840 824 892 potius
843 840 992 879 dicebat
1010 853 1093 880 esse
1117 853 1228 892 quam
1253 838 1386 879 fortem

188 906 327 956 (285⁹).
353 906 485 945 Nullus
506 906 564 945 hic
582 906 710 958 procul
728 905 843 945 dubio
858 906 952 945 liuor
972 915 1065 955 erat,
1086 905 1150 944 sed
1166 905 1317 944 libertas
1337 903 1391 943 in-

184 971 353 1010 consulta
373 970 515 1021 iudicii.
547 975 682 1010 Verum
709 970 775 1010 hec
795 981 831 1010 et
854 969 1036 1010 similia*
1059 969 1252 1022 peregrina
1281 967 1392 1008 nobis

182 1043 295 1086 atque
310 1034 511 1088 longinqua
533 1045 641 1082 sunt;
658 1035 703 1074 ad
727 1035 991 1087 propinquiora
1006 1034 1214 1075 ueniamus.
1231 1037 1388 1078 Possem

184 1109 334 1139 sanctos
355 1100 571 1149 memorare,
592 1099 841 1152 precipueque
859 1098 1080 1139 Ieronimum
1097 1100 1183 1148 ;sed
1196 1098 1391 1151 prophana

184 1164 338 1204 materia
353 1174 388 1204 et
405 1164 452 1203 de
470 1164 559 1204 solis
578 1165 693 1204 literis
711 1178 831 1204 sermo
847 1174 915 1205 est.
941 1169 1068 1216 Itaque
1085 1164 1168 1204 illos
1188 1164 1385 1216 attingam,

185 1228 249 1268 sed
263 1242 336 1268 non
348 1241 490 1278 omnes,
504 1229 702 1281 quinostre
712 1229 865 1282 propius
878 1239 963 1269 sunt
974 1229 1136 1282 querele.
1150 1228 1241 1282 Quis
1252 1241 1341 1281 ergo
1351 1227 1390 1267 in

184 1293 315 1345 primis
336 1298 549 1347 Epycurum
570 1294 801 1333 intoleranda
818 1293 1006 1346 superbia,
1030 1294 1110 1333 siue
1132 1293 1286 1342 inuidia,
1309 1292 1391 1333 siue

183 1367 339 1410 utraque
352 1358 606 1398 detrahentem
621 1358 794 1398 omnibus
807 1371 883 1398 non
897 1359 1054 1407 audiuit,
1073 1359 1288 1411 Pithagore‚
1303 1362 1387 1397 Em·

182 1423 345 1475 pedocli,
362 1422 578 1472 Timocrati,
591 1437 716 1476 quem,
732 1423 893 1462 amicum
911 1423 1012 1473 licet,
1029 1423 1117 1464 totis
1132 1422 1389 1463 uoluminibus

182 1488 364 1527 lacerasse
380 1488 551 1536 traditur,
565 1489 664 1540 quod
676 1489 714 1528 in
732 1488 968 1540 philosophia
985 1489 1176 1540 paululum
1193 1501 1215 1527 a
1233 1501 1273 1528 se
1289 1487 1386 1527 suis—

181 1565 254 1604 que
265 1553 405 1592 insanis
417 1553 657 1604 opinionibus
668 1553 897 1593 discordaret
910 1553 1017 1606 (286)
1029 1553 1042 1592 ?
1055 1553 1204 1593 Habent
1216 1562 1341 1593 tamen
1353 1562 1391 1592 et

182 1616 218 1656 hi
233 1627 320 1666 tres,
342 1627 378 1657 et
393 1617 454 1668 alij
476 1631 570 1669 quos
590 1617 801 1669 discerpsit,
819 1618 996 1670 patientie
1008 1617 1214 1666 materiam,
1236 1617 1389 1670 quando

181 1681 278 1722 idem
294 1692 331 1722 et
346 1682 436 1722 mire
455 1684 652 1722 Platonem
674 1682 828 1734 spernit,
846 1692 882 1722 et
896 1683 1270 1723 contumeliosissime
1289 1682 1392 1722 Aris-

179 1747 324 1787 totilem
341 1758 452 1787 uexat
468 1760 512 1787 ac
526 1748 778 1787 Democritum
794 1762 803 1798 3
826 1761 846 1786 a
864 1761 938 1800 quo
958 1748 1090 1788 ultimo
1103 1760 1176 1800 que
1190 1747 1332 1787 sciebat
1349 1747 1388 1787 in

179 1812 454 1864 philosophicis
484 1822 595 1852 cunta
615 1812 810 1861 didicerat,
837 1823 874 1852 et
892 1826 1003 1864 quem
1025 1812 1158 1866 exigua
1182 1811 1389 1852 mutatione
1425 1863 1428 1866 ἢ

179 1875 378 1916 uerborum
399 1877 436 1916 in
458 1877 633 1917 omnibus
653 1877 890 1929 sequebatur,
914 1878 1012 1917 hunc
1028 1876 1214 1918 acrius***
1231 1876 1390 1916 infama-

179 1939 255 1990 bat,
266 1954 400 1994 nempe
409 1942 472 1994 qui
486 1942 665 1996 magistro
676 1942 840 1982 caruisse
849 1942 1069 1995 gloriaretur
1081 1951 1119 1982 et
1127 1941 1245 1981 uideri
1256 1941 1388 1983 uellet.

177 2006 303 2045 Secuti
327 2016 414 2046 sunt
434 2006 472 2045 in
493 2007 561 2046 hac
581 2006 798 2057 detrahendi
826 2005 980 2046 libidine
1001 2015 1254 2059 preceptorem
1275 2019 1385 2046 suum

177 2071 409 2110 Metrodorus
429 2081 543 2123 atque
563 2072 780 2121 He'rmacus‚
799 2070 1032 2124 supradictos
1048 2084 1200 2124 quoque
1219 2071 1386 2124 philoso-

214 2182 228 2197 *
253 2183 316 2213 Fol.
362 2182 434 2214 6r0.

213 2229 240 2242 ’³'
264 2234 317 2260 Les
333 2193 410 2261 riiots
427 2235 455 2261 et
472 2231 580 2261 similia
593 2238 663 2261 sont
681 2231 797 2271 ajoutes
813 2231 889 2262 dans
909 2231 935 2261 la
956 2240 1056 2271 marge
1079 2230 1116 2262 de
1130 2231 1261 2272 gauche.

215 2277 258 2291 ***
279 2281 333 2307 Les
355 2284 432 2308 mots
445 2278 522 2308 hunc
537 2278 636 2309 acrius
649 2285 718 2309 sont
738 2278 855 2319 aj0utes
877 2278 953 2309 dans
971 2279 998 2309 la
1018 2287 1122 2318 marge
1141 2277 1178 2308 de
1197 2277 1306 2309 droite.
