1494 2600
181 248 384 302 borateque
406 247 605 290 sententie.
625 248 756 288 Valeat
775 246 1003 300 eloquentia,
1024 245 1054 287 si
1075 255 1149 287 tam
1172 245 1247 298 iugi
1267 245 1394 285 studio

179 314 367 367 querenda
384 314 459 354 est!
485 313 688 354 Indisertus
708 313 834 353 malim
855 325 949 362 esse,
970 325 1081 365 quam
1105 310 1274 351 solicitus
1295 323 1390 350 sern—

179 392 244 432 per
275 392 319 419 ac
350 378 485 420 tristis.
514 383 595 419 Hoc
615 378 810 431 proposito
831 390 915 418 cum
936 390 1082 429 semper
1104 376 1199 417 inter
1218 388 1325 416 caros
1346 387 1391 416 ac

114 454 118 456 ’
177 443 379 484 familiares
399 443 452 484 uti
476 443 622 493 solitus,
653 456 734 483 mee
763 442 956 496 presertim
986 441 1172 482 facultatis
1202 440 1387 490 conscios,

178 518 256 549 tum
278 509 454 561 precipue
474 522 593 561 nuper
613 522 702 548 usus
725 509 821 548 inter
842 508 909 547 hos
930 517 1094 556 nostros,
1115 506 1234 546 amica
1254 505 1390 546 fiducia

177 573 215 614 in
245 574 416 614 hostilem
438 574 662 614 calumniam
699 573 955 613 inadver*tens
984 572 1113 613 incidi.
1144 571 1267 612 Nichil
1291 570 1389 611 enim

175 648 361 688 accurate,
378 638 492 679 nichil
506 638 630 687 anxie,
650 648 690 679 ut
708 638 876 691 quidque
899 638 936 678 in
954 637 1119 677 animum
1141 646 1256 688 utque
1275 636 1320 675 ad
1347 648 1390 675 os

177 703 336 756 primurn
361 703 526 743 uenisset
559 703 662 756 prius
688 715 894 755 erumpere.
935 702 989 742 llli
1016 715 1061 742 ex
1090 701 1301 754 composito
1320 700 1390 741 cir-

176 767 343 809 cumfusi
356 768 714 822 singula-trutinare,
738 767 918 820 quicquid
933 767 1093 807 dicerem
1109 766 1164 806 sic
1178 765 1390 819 excipere*

175 842 364 886 tamquam
404 845 472 872 nec
517 833 649 873 melius
690 846 711 872 a
754 845 812 872 me
850 831 1050 885 quicquam
1086 844 1155 871 nec
1195 831 1229 870 id
1264 830 1387 884 ipsum

175 898 363 950 comptius
382 897 456 938 dici
478 907 619 950 posset.
642 898 681 937 Id
705 897 819 937 semel
841 897 955 950 idque
971 897 1102 937 iterum
1123 906 1236 948 atque
1254 895 1387 935 iterum

175 975 259 1002 curn
282 962 471 1012 fecissent,
492 962 530 1002 in
551 962 774 1003 sententiam
800 975 912 1014 quam
933 974 1059 1014 ueram
1081 961 1262 1013 optabant
1281 960 1389 1001 facile

175 1027 382 1068 confirmati
423 1037 523 1069 sunt.
564 1027 625 1068 Nil
665 1040 799 1079 nempe
836 1026 984 1067 facilius
1015 1039 1127 1079 quam
1166 1026 1389 1078 persuadere

175 1092 389 1133 uolentibus
413 1092 562 1145 iamque
582 1092 836 1142 credentibus,
860 1105 904 1132 eo
933 1091 986 1131 illi
1007 1091 1195 1140 fidentius,
1219 1101 1259 1131 ut
1277 1091 1386 1144 igna-

174 1171 256 1198 rum
276 1158 431 1210 alloqui,
453 1158 566 1198 credo
584 1157 750 1210 insuper,
764 1157 863 1210 quod
879 1167 968 1198 tunc
987 1156 1140 1196 minime
1154 1156 1383 1209 suspicabar,
1418 1164 1421 1165 ’

174 1232 211 1262 et
239 1222 425 1263 inscitiam
455 1222 586 1262 ridere.
613 1222 673 1262 Sic
694 1221 866 1262 incautus
884 1234 993 1271 unus,
1017 1221 1218 1274 plurimum
1238 1221 1386 1273 in-sidijs

132 1320 136 1321 γ
174 1287 462 1337 circumuentus,
495 1287 748 1341 ignorantium
781 1287 957 1341 gregibus
995 1287 1169 1340 ignorans
1212 1286 1385 1328 misceor.

229 1352 405 1393 Solebam
424 1352 476 1392 illi
498 1353 557 1392 uel
577 1352 850 1393 aristotelicum
875 1352 1066 1404 problema
1093 1352 1150 1391 uel
1178 1352 1225 1391 de
1246 1351 1385 1391 anima-

175 1416 272 1457 libus
303 1416 443 1470 aliquid
476 1418 513 1457 in
538 1416 700 1457 medium
734 1417 886 1460 iactare.
920 1421 999 1470 Ego
1021 1426 1145 1457 autem
1167 1418 1224 1456 uel
1249 1426 1383 1466 tacere,

175 1483 234 1523 uel
254 1481 382 1531 iocari,
399 1482 458 1522 uel
479 1481 592 1522 ordiri
613 1482 729 1531 aliud,
747 1482 1007 1535 interdumque
1019 1481 1214 1522 subridens
1234 1494 1388 1533 querere

173 1559 335 1599 quonam
378 1547 489 1586 modo
519 1547 556 1586 id
591 1547 686 1587 scire
721 1547 907 1599 potuisset
944 1546 1172 1598 Aristotiles,
1211 1547 1317 1587 cuius
1351 1556 1388 1588 et

174 1611 268 1652 ratio
296 1613 397 1652 nulla
426 1621 526 1652 esset
551 1622 587 1652 et
614 1613 914 1664 experimentum
949 1611 1195 1665 impossibile.
1232 1616 1388 1665 Stupere

174 1675 242 1726 illi,
286 1686 323 1717 et
354 1676 458 1717 taciti
493 1676 690 1726 subirasci,
713 1686 751 1717 et
775 1677 1034 1730 blasphemum
1067 1678 1170 1718 uelut
1201 1677 1384 1730 aspicere,

173 1741 232 1782 cui
256 1741 302 1781 ad
322 1741 434 1781 fidem
463 1754 583 1782 rerum
605 1741 707 1782 aliud
734 1755 847 1795 quam
869 1741 938 1782 uiri
960 1742 1060 1782 illius
1088 1742 1270 1783 autoritas
1297 1755 1388 1794 que-

175 1815 326 1857 reretur,
349 1816 390 1847 ut
413 1806 485 1846 iam
505 1808 615 1859 plane
634 1807 680 1846 de
701 1807 937 1860 philosophis
955 1817 991 1848 et
1010 1807 1192 1860 sapientie
1209 1806 1387 1848 studiosis

173 1871 403 1912 amatoribus
416 1871 642 1912 Aristotelici
660 1885 724 1912 seu
746 1872 870 1912 uerius
891 1871 1119 1926 pithagorici
1145 1872 1233 1912 facti
1253 1872 1384 1923 simus,

177 1945 355 1977 renouato
369 1936 434 1977 illo
459 1949 563 1977 more
583 1936 740 1977 ridiculo
759 1949 835 1990 quo
851 1950 1005 1990 querere
1023 1937 1123 1977 aliud
1142 1950 1216 1978 non
1234 1937 1386 1990 licebat,

222 2159 236 2175 *
261 2161 324 2193 Fol.
347 2169 393 2192 11.
411 2169 454 2194 νο.

217 2206 245 2222 ”
264 2208 433 2249 Petrarque
450 2208 535 2240 avait
551 2208 678 2240 d’abord
699 2209 755 2240 mis
777 2209 816 2240 ici
837 2219 878 2240 un
899 2210 984 2250 point
1002 2209 1076 2250 qu’il
1095 2219 1112 2241 a
1131 2210 1210 2242 biffe'e.
