1494 2600
611 238 823 289 ..85-

102 329 254 370 unicum
270 329 320 369 ibi
335 330 393 369 uel
416 328 619 368 maximum
638 329 774 367 malum
795 325 966 374 dixerim,
989 324 1186 364 uerborum
1205 323 1316 375 longe

102 395 218 434 nimia
252 404 309 434 est
347 393 523 443 libertas;
557 406 630 445 qua
660 392 741 432 freti
775 405 863 444 sepe
893 388 1115 442 ineptissimi
1148 387 1318 428 homines

102 460 212 501 claris
237 459 453 499 nominibus
481 459 674 504 insultant,
700 455 982 509 indignantibus
1010 454 1162 507 quidem
1192 452 1316 501 bonis,

103 524 167 577 qui
188 524 327 564 ibidem
348 537 498 576 quoque
518 534 593 564 tam
615 522 721 562 multi
752 531 852 567 sunt,
874 531 914 561 ut
933 519 1095 560 nesciam
1116 531 1162 558 an
1182 517 1220 557 in
1241 517 1316 557 ulla

105 588 196 628 urbe
223 598 278 628 tot
308 588 396 628 boni
427 587 661 639 modestique
687 586 756 625 uiri
781 585 878 635 sint3
902 585 964 624 sed
991 593 1096 623 tanto
1120 582 1236 622 maior
1263 591 1320 622 est
1380 579 1382 581 ’

103 653 243 705 ubique
273 653 470 693 stultorum
502 651 616 699 acies,
639 661 679 691 ut
702 650 926 703 sapientium
957 647 1164 702 indignatio
1183 646 1319 687 frustra

104 718 167 758 sit.
188 722 278 758 Tam
303 718 414 758 dulce
433 718 606 758 omnibus
628 715 808 756 libertatis
829 725 885 755 est
905 727 1055 763 nomen,
1069 723 1110 753 ut
1129 711 1318 753 temeritas

104 791 141 823 et
150 782 431 838 audacia,quod
448 782 500 822 illi
512 782 652 822 similes
667 781 875 828 uideantur,
887 780 1001 832 uulgo
1010 780 1182 830 placeant
1192 777 1316 829 (268).

107 847 204 888 Hinc
248 847 402 900 impune
438 847 601 899 aquilam
640 856 788 891 noctue‚
825 844 975 898 cignum
1014 843 1134 893 corui,
1173 844 1318 882 leonem

105 912 214 953 simie
234 914 443 962 lacessunt;
465 912 550 952 hinc
580 912 756 951 honestos
784 909 873 959 fedi,
909 909 1040 949 doctos
1059 908 1181 958 inscii,
1202 906 1318 947 fortes

104 977 246 1031 ignaui,
267 978 386 1018 bonos
415 977 502 1017 mali
534 978 718 1023 lacerant3
746 988 815 1015 nec
844 975 1026 1014 malorum
1052 972 1203 1014 licentie
1229 971 1317 1012 boni

103 1042 270 1092 obstant,
292 1043 392 1095 quod
420 1053 456 1082 et
481 1055 636 1082 numero
657 1041 709 1081 illi
739 1050 915 1093 superant
934 1049 971 1079 et
990 1039 1118 1079 fauore
1140 1037 1317 1090 publico;

104 1107 282 1159 expedire
297 1107 527 1147 credentium
548 1116 589 1146 ut
617 1106 795 1159 quicquid
817 1105 918 1157 loqui
940 1104 1028 1144 libet
1050 1114 1086 1144 et
1112 1103 1236 1145 liceat.
1264 1106 1317 1142 Ita

103 1185 256 1224 prorsus
289 1172 427 1212 insedit
458 1172 548 1211 illud
582 1171 717 1222 Tiberii
754 1171 912 1219 cesaris,
947 1170 986 1210 in
1018 1169 1171 1209 ciuitate
1202 1167 1318 1208 libera

104 1237 270 1290 linguam
286 1247 521 1289 mentemque
541 1236 675 1276 liberas
693 1249 772 1276 esse
786 1235 920 1275 debere
935 1235 1054 1286 (269).
1079 1233 1210 1273 Libere
1235 1233 1319 1285 qui-
1340 1250 1343 1253 ·

103 1301 188 1342 dem
210 1315 291 1342 esse
309 1301 466 1351 debent;
490 1302 539 1341 ita
560 1312 684 1341 tamen
704 1310 745 1341 ut
768 1300 919 1340 libertas
937 1309 1045 1340 uacet
1064 1298 1236 1340 iniuria*.

159 1367 279 1406 Viden
313 1376 355 1407 ut
384 1367 429 1406 ad
463 1366 572 1406 finem
602 1379 777 1418 propero,
812 1378 935 1418 neque
966 1363 1171 1417 peruenio?
1201 1364 1318 1404 Multa

104 1431 202 1472 enim
222 1432 490 1483 interueniunt,
510 1445 582 1484 que
601 1443 749 1471 cursum
780 1429 958 1470 orationis
989 1428 1209 1482 impediant.
1233 1433 1318 1469 Non

103 1497 204 1548 quod
243 1509 314 1549 ego
349 1496 514 1550 ignorem
552 1497 669 1536 multo
700 1495 907 1547 sapien-tius
938 1495 1131 1546 multoque
1166 1493 1317 1547 grauius

102 1561 266 1602 futurum
284 1561 414 1608 fuisse,
435 1562 534 1614 quod
565 1562 633 1600 hec
657 1571 692 1601 et
711 1561 783 1600 alia
804 1574 894 1612 sepe
924 1559 1060 1600 similia
1089 1559 1316 1609 tacuissem3

103 1626 168 1666 sed
189 1625 342 1666 difficile
361 1636 418 1666 est
437 1627 531 1666 inter
548 1627 698 1666 aculeos
717 1639 792 1665 non
813 1625 969 1667 moueri.
997 1628 1092 1676 Sepe
1111 1637 1200 1677 ergo
1223 1623 1317 1664 tales

102 1690 246 1742 pulices
282 1692 340 1731 uel
371 1701 562 1731 conterere
591 1703 743 1730 necesse
770 1690 881 1730 michi
914 1689 998 1738 fuit,
1034 1690 1092 1729 uel
1125 1698 1313 1730 excutere.

104 1755 228 1796 Facile
253 1765 378 1795 autern
408 1756 475 1796 hos
508 1756 691 1803 tulissem,
716 1756 745 1795 si
774 1765 811 1795 te
838 1755 948 1795 facile
977 1754 1222 1807 perferentem
1249 1766 1316 1794 co-

101 1820 334 1874 gnouissem.
351 1825 390 1860 ln
403 1821 459 1860 his
473 1821 570 1860 enirn
591 1833 666 1860 non
682 1820 867 1860 inscitiam
881 1833 1015 1870 meam,
1029 1833 1142 1872 quam
1159 1819 1317 1859 libenter

101 1886 320 1938 amplector,
342 1886 405 1926 sed
427 1886 572 1926 illorum
594 1886 830 1926 insolentiam
852 1898 939 1939 egre
955 1884 1047 1932 fero,
1066 1885 1147 1936 sed,
1162 1894 1203 1924 ut
1219 1884 1311 1933 dixi,

101 1950 239 1991 tacitus
259 1951 354 1990 hanc
375 1952 530 2000 laturus,
554 1951 624 1990 nisi
647 1961 686 1991 tu
706 1950 854 1992 fuisses.
874 1955 952 1989 Tue
981 1949 1154 2002 equidem
1176 1959 1212 1989 et
1239 1961 1316 1989 non

101 2027 183 2054 mee
202 2014 449 2068 indignationi
470 2026 546 2056 tam
571 2016 692 2069 longis
713 2014 947 2055 sermonibus
969 2028 1107 2055 morem
1132 2013 1245 2068 gessi,
1267 2014 1314 2053 de

99 2079 309 2132 ignorantia
330 2080 449 2120 mea**
465 2081 532 2121 tibi
557 2094 631 2120 non
653 2081 848 2133 epistolam
869 2079 958 2130 iam,
976 2080 1039 2120 sed
1062 2080 1196 2120 librum
1217 2079 1311 2119 scri-

139 2198 154 2214 *
177 2201 258 2230 Tont
273 2207 306 2229 ce
320 2207 461 2240 passage,
477 2199 601 2240 depuis:
615 2203 661 2230 lta
674 2208 804 2239 prorsus,
818 2206 863 2230 est
879 2199 954 2230 ecrit
970 2198 1081 2230 dansla
1098 2207 1200 2240 marge
1221 2197 1311 2238 supe-

96 2245 206 2281 rieme,
228 2254 300 2276 avec
319 2247 421 2277 renvoi
442 2246 518 2276 dans
539 2248 565 2277 le
585 2254 677 2278 texte.

135 2292 164 2308 *⁴¹
187 2297 224 2323 Le
241 2299 304 2324 mot
318 2302 381 2324 mea
395 2300 440 2324 est
456 2293 530 2325 ecrit
549 2294 625 2324 dans
643 2295 670 2325 la
692 2303 794 2335 marge
808 2294 844 2325 de
862 2295 991 2335 gauche.
