1494 2600
593 256 805 295 -31-

90 344 320 399 ingeniosior
340 344 439 397 apud
466 344 557 384 istos
578 343 822 396 doctiorque;
846 356 921 396 quo
940 342 1114 383 fidentius
1132 341 1301 383 fidelius-

89 423 168 464 que
186 409 404 458 defenderit,
427 423 471 450 eo
503 409 659 449 habetur
696 408 866 449 obtusior
888 418 1002 460 atque
1030 407 1231 458 indoctior,
1267 418 1304 450 et

94 476 303 530 ignorantie
334 475 563 516 conscientia
592 474 676 514 fidei
707 475 829 514 uelum
871 474 1135 525 assumpsisse,
1165 486 1241 526 quo
1264 487 1305 514 se

91 549 268 593 contegat
287 549 400 592 atque
424 538 607 586 inuoluat,
630 538 808 585 creditur,
834 551 983 590 prorsus
1003 538 1110 590 quasi
1130 551 1205 578 non
1222 537 1301 578 dis-

90 604 251 645 cordes*
281 617 325 645 ac
358 604 501 656 trepide
535 603 670 644 fabelle
701 614 738 644 et
767 603 916 656 nugelle
946 603 1074 642 inanes
1107 615 1152 642 ac
1182 616 1302 643 uacue

90 670 169 711 sint
188 670 352 719 illorum,
379 682 448 709 nec
472 669 628 709 scientia
652 678 751 709 certa
778 668 825 708 de
843 668 1030 721 ambiguis
1062 677 1126 708 aut
1150 668 1303 722 ignotis,

91 735 158 776 sed
194 735 390 788 opiniones
423 747 519 787 uage
547 744 584 775 et
615 734 729 774 libere
761 743 797 774 et
827 732 1032 783 incerte*;
1063 746 1148 772 vere
1181 743 1304 774 autem

92 800 179 841 fidei
200 800 332 841 notitia
353 810 388 840 et
405 800 586 840 altissima
607 808 646 839 et
670 798 876 839 certissima
899 808 936 838 et
959 807 1147 850 postremo
1165 797 1305 839 felicis-

95 866 188 906 sima
227 866 274 906 sit
312 865 550 905 scientiarum
595 863 784 904 omnium!
830 868 910 918 Qa
949 863 1110 911 deserta,
1162 863 1305 916 relique

89 944 223 971 omnes
241 943 315 970 non
346 930 420 978 uie,
449 929 512 969 sed
549 930 672 978 deuia,
701 942 775 968 non
798 928 962 978 termini,
990 928 1053 968 sed
1091 928 1208 978 ruine,
1232 941 1306 969 non

92 995 263 1043 scientie,
295 995 359 1035 sed
389 1007 529 1035 errores
563 1004 663 1036 sunt.
698 994 764 1034 His
785 1003 910 1034 tamen
932 993 991 1033 isti
1012 993 1148 1033 animis
1172 993 1306 1047 hisque

95 1069 184 1101 sunt
199 1060 360 1111 iudiciis,
384 1069 424 1100 ut
438 1059 600 1099 nesciam
615 1072 662 1098 an
682 1071 757 1098 non
777 1059 898 1098 solum
920 1058 995 1098 duo
1012 1058 1080 1104 illi,
1103 1058 1150 1098 de
1167 1059 1306 1110 quibus

96 1125 352 1178 supradictum
373 1134 443 1174 est,
467 1125 524 1164 uel
564 1124 594 1164 si
619 1125 682 1177 qui
707 1133 794 1164 sunt
831 1123 986 1172 similes,
1009 1124 1073 1163 sed
1110 1136 1307 1175 supremus

92 1189 262 1231 omniurn
293 1190 433 1230 Paulus
459 1189 540 1241 ipse
565 1202 640 1229 non
668 1188 753 1229 dico
773 1188 915 1241 ceperit
940 1188 1140 1240 displicere
1166 1189 1303 1239 Iudeis,

97 1255 233 1308 quibus
252 1264 339 1295 ante
359 1255 563 1307 placuerat,
579 1254 678 1306 quod
702 1254 919 1302 ieronimus,
943 1252 1140 1305 epistolam
1162 1254 1241 1294 eius
1259 1255 1306 1294 ad

95 1320 275 1372 Galathas
308 1332 512 1372 exponens,
547 1319 738 1370 ait(263);
759 1319 823 1358 sed
845 1319 998 1357 omnino
1014 1327 1051 1358 et
1066 1318 1253 1359 phariseis
1273 1329 1310 1360 et

102 1384 342 1437 pontificibus
363 1384 526 1424 insanire
558 1384 660 1423 uisus
681 1378 768 1424 olim
793 1383 855 1432 sit,
877 1383 977 1435 quod
999 1383 1046 1422 de
1066 1384 1155 1435 lupo
1171 1397 1306 1437 agnus,

95 1451 147 1490 de
174 1459 411 1502 persecutore
442 1448 607 1489 cristiani
640 1448 802 1488 nominis
832 1447 951 1488 factus
984 1457 1082 1488 esset
1115 1450 1309 1501 apostolus

98 1515 226 1563 Cristi,
249 1524 286 1555 et
305 1506 362 1554 his
383 1514 520 1554 nostris
539 1526 639 1553 nunc
672 1513 783 1554 etiam
817 1513 1000 1554 uideatur.
1035 1517 1193 1553 Possum
1221 1527 1310 1567 ergo

97 1579 348 1635 ignorantiam
366 1579 477 1619 michi
500 1579 684 1619 obiectam
704 1579 875 1631 (possim,
892 1588 929 1618 et
948 1579 978 1618 si
997 1578 1194 1629 obiciatur,
1211 1579 1309 1619 insa-

98 1646 210 1697 niam)
229 1645 374 1698 magnis
390 1644 590 1684 comitibus
610 1644 810 1694 consolari,
827 1654 862 1684 et
882 1643 937 1684 sic
948 1643 1059 1685 facio.
1079 1643 1177 1698 Qin
1192 1644 1311 1684 inter-

93 1710 186 1750 du‘m
205 1719 243 1751 et
273 1710 437 1750 delector
463 1720 499 1749 et
517 1709 663 1762 gaudeo
691 1709 859 1749 honestis
889 1721 933 1748 ex
958 1708 1082 1749 causis
1103 1721 1178 1748 non
1201 1709 1308 1761 igno-

0 1766 21 1811 ’ᾗ
79 1795 81 1797 ·
99 1774 219 1816 rantie
238 1784 402 1825 tantum,
422 1775 485 1814 sed
507 1774 668 1814 amentie
688 1787 771 1813 reus
792 1787 886 1814 esse.

155 1845 325 1881 Ceterum
351 1841 398 1879 de
421 1852 479 1879 me
503 1841 613 1889 letus,
634 1839 680 1878 de
700 1839 830 1879 amicis
859 1839 968 1878 doleo
989 1853 997 1888 ;
1021 1839 1090 1878 etsi
1110 1838 1207 1878 enim
1237 1839 1311 1879 alie

99 1905 240 1946 iudicio
262 1905 526 1958 pretendantur
540 1917 666 1953 cause,
684 1913 719 1944 et
736 1903 890 1943 forsitan
905 1904 1080 1954 leuiores,
1096 1903 1141 1943 he
1159 1904 1309 1956 quidem

103 1970 295 2011 scelere&
308 1979 345 2010 et
355 1970 545 2022 impietate
557 1982 631 2008 non
646 1979 794 2018 uacant,
806 1968 878 2008 illis
893 1968 1081 2009 mortifere
1092 1978 1128 2008 et
1139 1968 1308 2019 infames,

104 2034 217 2076 michi
241 2035 350 2075 etiam
375 2034 550 2087 gloriose,
575 2043 615 2074 ut
638 2047 706 2086 pro
728 2034 784 2073 his
814 2033 935 2073 causis
957 2046 1030 2073 non
1048 2035 1169 2074 solum
1195 2032 1308 2084 fama,

104 2099 170 2140 sed
207 2100 284 2140 uita
320 2099 472 2152 insuper
491 2099 657 2151 spoliari,
693 2099 723 2139 si
754 2111 811 2138 res
834 2098 973 2147 tulerit,
1008 2098 1212 2151 equissimo
1241 2099 1311 2139 sim

143 2212 159 2228 *
179 2211 329 2243 discordes
347 2221 399 2242 sur
415 2220 455 2242 un
478 2217 628 2252 grattage.

145 2259 174 2275 ‘¹⁸
197 2263 250 2290 Les
269 2266 347 2290 mots
366 2263 393 2290 et
407 2259 494 2289 libere
514 2263 543 2289 et
561 2259 666 2290 incerte
686 2265 755 2290 sont
774 2257 863 2289 ecrits
881 2268 932 2289 sur
948 2268 988 2289 un
1008 2265 1159 2299 grattage.

142 2306 187 2323 ”⁸
210 2306 273 2338 Fol.
294 2314 326 2346 3¹
351 2313 389 2337 τ’».
528 2310 531 2313 ·

1101 2369 1122 2406 6
