1494 2600
642 218 852 257 -28-

138 308 255 358 tes],*
282 307 431 347 breuem
462 306 697 346 diffinitiuam
731 306 826 347 hanc
858 308 997 347 tulere:
1030 307 1352 365 fflifissfflltfflss,

126 373 259 430 fuirum
279 372 488 420 bonum.,0
511 372 653 411 utinam
680 372 756 411 ueri
786 371 900 411 nichil
932 385 1095 424 unquam
1127 364 1249 425 preter
1278 373 1348 412 hoc

140 450 252 476 unum
275 437 436 477 dixerint
464 446 529 476 aut
557 436 693 476 dicturi
721 436 820 477 sint!
856 442 913 486 Et,
937 450 959 476 o
988 437 1086 476 alme
1111 436 1351 490 salutiferque

140 502 269 549 Jhesu,
292 514 379 541 uere
399 501 589 541 literarum
610 502 778 542 omnium
799 512 835 542 et
857 502 994 555 ingenij
1016 506 1116 541 Deus
1136 514 1179 541 ac
1199 501 1352 556 largitor

140 580 226 606 uere
247 580 311 606 rex
329 567 451 620 glorie
474 579 519 606 ac
539 566 723 606 uirtutum
745 566 910 616 domine,
933 576 970 606 te
988 579 1086 606 nunc
1105 566 1211 606 flexis
1230 566 1353 606 anime

140 631 298 684 genibus
332 632 493 684 supplex
522 645 602 680 oro,
627 641 669 671 ut
701 630 732 671 si
765 631 877 671 michi
903 644 978 671 non
1010 631 1172 684 amplius
1201 631 1258 671 uis
1278 632 1352 672 lar-

139 696 224 749 giri,
252 697 318 736 hec
342 697 473 736 saltem
498 696 621 748 portio
644 709 725 735 mea
748 696 810 745 sit,
835 705 875 736 ut
894 696 949 735 uir
971 696 1090 736 bonus
1111 695 1180 736 sim
1199 709 1210 746 ;
1234 697 1350 748 quod,

141 761 211 800 nisi
233 772 268 801 te
307 762 417 801 ualde
436 774 557 801 amem
580 761 716 813 pieque
738 762 873 810 colam,
904 774 984 800 esse
1007 773 1082 800 non
1102 774 1271 813 possum.
1294 761 1350 800 Ad

142 826 212 866 hoc
231 827 342 874 enim,
363 840 437 866 non
460 826 507 865 ad
530 826 655 866 literas
676 836 786 866 natus
807 839 889 866 sum
907 840 917 877 ;
940 839 1013 878 que
1035 826 1065 866 si
1087 827 1166 865 sole
1185 826 1351 866 obuene-

141 891 215 931 rint
246 891 376 931 inflant
402 892 643 943 diruuntque,
678 904 754 930 non
802 890 992 940 edificant,
1023 890 1167 943 fulgida
1203 891 1352 931 uincula

142 956 446 1008 laboriosumque
465 956 656 1009 negotium
686 969 731 996 ac
755 969 930 997 sonorum
958 956 1106 1008 pondus
1131 956 1269 997 anime.
1291 960 1351 996 Tu

140 1021 229 1069 scis,
259 1022 431 1069 Domine,
455 1034 579 1061 coram
605 1034 681 1073 quo
709 1034 819 1061 omne
845 1017 1070 1060 desiderium
1108 1031 1222 1072 atque
1243 1034 1354 1060 omne

142 1086 343 1139 suspirium
366 1100 488 1126 meum
519 1096 589 1134 est,
617 1086 717 1138 quod
741 1099 786 1125 ex
817 1086 948 1133 literis,
970 1086 1122 1138 quando
1145 1085 1202 1126 bis
1231 1085 1355 1125 sobrie

141 1164 230 1191 usus
252 1164 349 1199 sum,
372 1151 487 1191 nichil
507 1151 669 1202 amplius
689 1151 851 1203 quesiui,
873 1164 985 1202 quam
1008 1160 1048 1190 ut
1069 1150 1188 1190 bonus
1210 1150 1350 1192 fierem.

142 1220 227 1255 Non
246 1216 345 1268 quod
367 1216 402 1255 id
429 1216 567 1264 literas,
590 1226 668 1261 aut,
699 1215 871 1268 quamuis
897 1216 933 1255 id
962 1216 1083 1267 ipsum
1115 1215 1353 1268 polliceretur

143 1280 354 1320 Aristotiles
386 1281 569 1332 multique
596 1281 674 1330 alij,
707 1281 860 1320 omnino
879 1281 1060 1332 aliquem,
1082 1279 1153 1320 nisi
1175 1290 1211 1320 te
1235 1293 1351 1320 unum

140 1345 262 1385 facere
282 1358 405 1397 posse,
426 1346 673 1395 confiderem3
696 1346 759 1386 sed
777 1346 877 1398 quod
892 1345 1106 1397 perliteras,
1128 1358 1204 1397 quo
1220 1345 1350 1385 tende-

143 1401 316 1464 ba'm9iter
342 1411 534 1451 honestius
554 1424 597 1451 ac
623 1411 761 1451 certius
772 1410 811 1430 **
831 1411 1016 1463 simulque
1036 1410 1232 1450 iocundius
1253 1410 1350 1450 exti-

144 1488 296 1525 marem,
328 1485 364 1515 te
395 1476 503 1524 duce,
532 1489 607 1516 non
636 1476 725 1518 alio.
756 1480 811 1515 Tu
845 1475 932 1523 scis,
967 1475 1134 1527 inquam,
1169 1484 1352 1515 scrutator

142 1540 285 1580 renium
312 1551 347 1580 et
377 1541 638 1591 medullarum,
662 1540 712 1580 ita
742 1553 838 1589 esse,
868 1550 909 1580 ut
927 1540 1028 1582 dico.
1053 1545 1252 1592 Nunquam
1275 1549 1357 1582 tam,

143 1605 287 1645 iuuenis
309 1618 573 1659 nunquamque
601 1616 677 1645 tam
707 1605 824 1659 glorie
847 1605 1006 1657 cupidus
1022 1604 1089 1652 fui,
1115 1604 1215 1657 quod
1237 1604 1352 1644 inter·
1381 1632 1384 1633 ν

142 1670 230 1709 dum
264 1684 322 1710 me
353 1669 467 1710 fuisse
489 1684 563 1710 non
594 1670 751 1720 inficior,
773 1670 864 1722 quin
889 1670 1081 1709 maluerim
1105 1669 1226 1710 bonus
1252 1683 1347 1718 esse,

140 1748 251 1787 quam
273 1736 421 1777 doctus.
445 1741 663 1788 Utrumque,
686 1735 816 1784 fateor,
843 1735 985 1787 optaui‚
1006 1744 1047 1774 ut
1069 1734 1211 1774 infinita
1233 1744 1291 1775 est
1311 1744 1348 1775 et

142 1800 380 1852 inexplebilis
413 1800 572 1840 humana
593 1800 796 1852 cupiditas,
828 1800 947 1839 donec
970 1799 1008 1838 in
1031 1809 1068 1839 te
1087 1798 1208 1848 sistat,
1235 1812 1347 1851 supra

141 1879 252 1917 quem
276 1880 351 1919 quo
373 1879 412 1906 se
438 1866 568 1919 erigat,
597 1878 672 1905 non
699 1875 769 1906 est.
803 1870 886 1904 Duo
918 1864 1124 1917 optabam;
1155 1864 1220 1903 sed
1253 1877 1363 1916 quo-⁴

143 1931 242 1970 niam
283 1933 438 1972 alterum
475 1931 628 1983 eripitur
661 1944 725 1970 seu
758 1940 929 1983 negatur,
967 1929 1125 1983 gratiam
1162 1929 1349 1969 iudicibus

143 1996 235 2036 meis
262 1996 395 2044 habeo,
418 1996 481 2048 qui
513 2010 532 2035 e
563 1996 712 2036 duobus
744 1995 855 2035 michi
892 1994 1078 2047 optimum
1108 1993 1353 2046 reliquerunt,

144 2061 257 2101 modo
277 2075 324 2100 ne
351 2061 386 2100 id
408 2074 558 2113 quoque
579 2061 724 2101 mentiti
748 2060 837 2108 sint,
862 2070 898 2100 et
922 2069 963 2100 ut
990 2059 1102 2099 michi
1124 2058 1354 2111 preriperent

182 2175 196 2189 ³
218 2178 271 2204 Les
291 2180 368 2204 mots
388 2181 473 2205 entre
499 2167 636 2205 crochets
665 2180 734 2204 sont
752 2173 842 2204 ecrits
871 2172 948 2203 dans
965 2172 994 2203 la
1014 2180 1119 2212 marge
1138 2170 1175 2202 de
1196 2171 1295 2203 droite
1311 2179 1319 2208 3
1337 2170 1358 2201 il

141 2231 161 2262 y
175 2231 191 2252 a
212 2230 253 2251 un
272 2221 374 2252 renvoi
394 2220 471 2251 dans
490 2221 516 2251 le
537 2227 627 2252 texte.

184 2268 213 2284 ⁴¹*
233 2269 296 2299 Fol.
315 2269 333 2298 6
351 2271 394 2299 νο.
