1494 2600
107 311 310 342 senescunt
347 301 508 354 denique
533 302 692 341 humana
725 301 874 351 omnia;
910 300 1086 353 quodque
1119 301 1324 353 aliquando

112 379 188 406 non
225 366 379 415 credidi,
416 367 461 406 ad
497 377 701 407 extremum
734 366 848 406 animi
894 368 1110 416 senescunt,
1149 366 1323 418 quamuis

110 430 357 481 immortales,
371 444 574 484 uerumque
587 431 627 472 fit
642 431 730 472 illud
746 431 996 471 Cordubensis
1009 430 1107 483 (86):
1126 446 1144 469 «
1161 430 1325 484 Longius

114 508 227 535 euum
250 496 407 537 destruit
425 497 594 550 ingentes
613 496 806 537 animos».
826 501 909 536 Non
923 496 1022 548 quod
1045 496 1159 535 animi
1182 495 1326 535 senium

117 573 216 601 mors
236 571 424 613 sequatur,
449 562 511 601 sed
533 561 724 601 discessus
746 574 766 600 a
781 574 938 613 corpore
965 559 1218 612 resolutioque
1246 560 1324 611 illa,

111 638 230 678 quam
250 626 435 666 cernimus
450 636 487 666 et
506 639 579 678 que
590 626 986 680 uulgomorsdicitur‚
1005 635 1040 666 et
1058 635 1114 665 est
1134 638 1233 665 mors
1248 638 1327 665 cor—

114 690 220 743 poris
241 690 420 742 profecto‚
436 704 510 731 non
525 691 638 730 animi
660 691 756 744 (87).
775 690 902 730 Senuit
917 703 1004 730 ecce
1021 689 1236 742 refrixitque
1250 690 1327 730 ani-

116 750 200 795 mus
220 768 339 798 meus.
359 760 469 796 Nunc
486 756 656 808 experior
676 769 788 796 senex
816 755 917 808 quod
948 755 1095 795 iuuenis
1116 755 1330 807 inexpertus

120 829 156 860 et
192 820 397 872 pastorium
439 833 578 861 canens
620 821 724 861 dixi:
751 820 886 874 «Quid
918 820 1045 860 uiuere
1076 820 1229 873 longum
1262 819 1332 860 fert

119 885 321 925 homini?»
347 885 420 936 (88)
447 890 530 940 QJo
547 885 645 925 enim
663 896 750 926 ante
776 886 842 925 hos
868 899 943 925 non
972 885 1108 925 multos
1128 898 1246 924 annos
1264 885 1332 925 hec

119 949 288 990 tulissem
308 950 457 990 animo?
473 950 610 1002 quibus
630 950 775 990 nisibus
791 949 1021 990 obstitissem
1036 949 1049 988 ?
1065 949 1183 989 Crede
1202 949 1328 998 michi,
1377 946 1380 948 ’

122 1014 261 1055 bellum
293 1028 407 1068 graue
439 1015 534 1055 inter
566 1015 814 1069 ignorantiam
845 1023 881 1054 et
903 1014 1152 1068 ignorantiam
1186 1014 1331 1056 fuisset.

117 1083 232 1119 Nunc
252 1092 377 1120 senem
398 1080 574 1120 inuadere
593 1093 637 1120 eo
657 1080 803 1132 turpius
816 1093 892 1132 quo
906 1080 1039 1129 tutius;
1053 1079 1147 1119 tollo
1166 1093 1331 1128 manum,

120 1154 160 1185 et
184 1157 264 1184 mea
291 1144 439 1184 illorum
463 1145 563 1196 cedit
586 1144 810 1199 ignorantie.
840 1150 945 1185 Certe
969 1158 1054 1198 ego,
1074 1145 1180 1197 quasi
1211 1157 1334 1197 presa-

121 1209 230 1263 giens
257 1209 346 1262 quid
384 1210 496 1250 michi
528 1210 716 1251 restaret*
721 1223 943 1262 ,nunquam
967 1209 1047 1249 sine
1075 1209 1339 1262 compassione

124 1275 284 1327 quadam
315 1275 457 1326 Laberij
489 1275 680 1316 historiam
698 1275 800 1330 legi3
826 1275 906 1327 qui
933 1287 1017 1314 cum
1052 1274 1167 1315 uitam
1189 1288 1336 1315 omnem

122 1339 279 1381 honesta
311 1341 443 1380 militia
485 1341 684 1394 exegisset,
722 1340 986 1394 sexagenarius
1025 1340 1071 1379 ad
1116 1350 1335 1390 extremum,

122 1405 208 1456 Julij
231 1405 374 1446 Cesaris
391 1405 582 1457 blanditiis
602 1418 646 1446 ac
666 1405 858 1458 precibus,
883 1418 956 1458 que
976 1405 1022 1444 de
1040 1418 1106 1444 ore
1125 1405 1338 1457 principum

123 1480 266 1510 armate
287 1471 484 1522 prodeunt,
505 1471 710 1522 productus
734 1470 772 1510 in
791 1483 956 1519 scenam,
976 1470 1023 1509 de
1036 1482 1191 1509 romano
1213 1469 1339 1522 equite

123 1534 245 1575 factus
261 1545 317 1587 est
336 1534 487 1577 mimus.
508 1540 628 1589 Quam
646 1535 819 1575 iniuriam
839 1535 922 1588 ipse
940 1535 1092 1587 quidem
1108 1548 1182 1574 non
1204 1535 1342 1575 tacitus

125 1599 224 1650 tulit,
250 1600 325 1640 imo
357 1600 483 1641 multis
513 1600 685 1652 interque
720 1600 791 1640 alia
822 1600 878 1640 his
908 1609 1065 1652 questus
1102 1609 1158 1640 est
1193 1599 1339 1639 uerbis:

127 1680 150 1704 (ε
164 1669 273 1718 Ergo,
294 1665 351 1704 bis
365 1664 516 1705 tricenis
537 1665 644 1705 annis
661 1665 755 1706 actis
773 1665 852 1705 sine
872 1674 976 1712 nota,
998 1678 1111 1717 eques
1129 1677 1306 1704 romanus
1323 1677 1343 1704 a

129 1731 204 1770 lare
217 1741 389 1783 egressus
407 1743 503 1780 meo,
514 1730 667 1770 domum
687 1740 848 1771 reuertar
860 1730 1177 1789 mimusquefflo).
1193 1729 1344 1769 »Nimi-

129 1808 209 1835 rum
225 1795 295 1835 hoc
317 1795 378 1835 die
390 1808 464 1835 uno
476 1796 560 1848 plus
572 1794 667 1845 uixi,
690 1795 802 1835 michi
818 1808 929 1848 quam
947 1790 1149 1834 uiuendum
1163 1794 1252 1834 fuit!
1268 1799 1346 1848 Ego

127 1859 285 1912 quidem
296 1860 671 1913 (gloriarienimlicet
681 1861 779 1912 apud
793 1862 840 1908 te)
861 1862 935 1912 (90)
961 1860 1129 1900 literatus
1156 1871 1346 1911 nunquam

134 1937 235 1973 uere,
259 1924 323 1964 sed
344 1925 547 1976 aliquando
567 1925 745 1971 creditus,
766 1925 879 1965 domo
899 1937 990 1978 puer
1012 1938 1184 1978 egressus
1206 1923 1345 1973 mea**,

134 2000 205 2028 nec
226 1989 284 2029 uel
318 2002 431 2029 senex
450 1990 596 2030 rediens
619 1992 712 2042 (91),
735 2000 855 2030 totum
878 1990 1037 2042 pene***
1057 1990 1133 2029 uite
1150 2000 1297 2041 tempus
1312 1989 1350 2028 in

175 2165 191 2180 *¹
211 2165 376 2206 Petrarque
401 2166 483 2198 avait
498 2166 552 2197 mis
570 2166 608 2197 ici
629 2176 669 2197 un
690 2167 778 2207 point
793 2165 868 2206 qu’il
889 2175 905 2197 a
926 2166 1045 2197 ensuite
1063 2165 1141 2196 biffe'.

177 2212 206 2227 ”
227 2223 290 2245 mea
303 2220 347 2245 est
362 2213 436 2245 e'crit
450 2214 636 2245 au-dessous
649 2213 722 2244 dela
736 2214 836 2254 ligne;
852 2213 872 2243 il
892 2223 910 2254 y
925 2222 942 2243 a
955 2223 994 2244 un
1010 2213 1113 2244 renvoi
1128 2213 1204 2244 dans
1219 2213 1245 2244 le
1260 2219 1351 2243 texte.

176 2259 220 2276 ‘'¹''
237 2261 300 2292 Fol.
321 2271 339 2300 9
360 2264 399 2292 r⁰.
412 2265 545 2292 ——Dans
556 2262 583 2292 la
602 2270 703 2301 marge
720 2261 882 2291 inferieure
900 2259 937 2291 de
957 2260 984 2291 la
1002 2269 1090 2302 page,
1113 2270 1152 2291 au
1174 2260 1289 2296 milieu,
1309 2266 1356 2290 est

1146 2334 1161 2371 3
