1494 2600
721 270 773 276 ...
805 220 934 287 32¹-

226 347 403 386 passurus
427 336 552 374 animo
566 335 598 377 *.
634 336 726 375 Illud
758 336 862 389 angit
889 336 924 376 in
946 336 1089 388 primis,
1115 337 1214 389 quod
1239 337 1436 378 uerissima

225 399 391 438 omnium
426 400 484 439 uel
525 400 634 439 unica
682 401 740 440 uel
780 402 873 440 inter
910 411 1041 441 cuntas
1085 401 1252 441 eminens
1289 402 1433 455 obliqui

226 476 337 502 causa
374 464 501 514 iudicij
524 464 618 504 liuor
655 475 725 514 est,
757 465 820 517 qui
857 467 993 505 multos
1025 479 1184 518 semper,
1212 467 1274 506 sed
1309 468 1436 510 nullos

226 540 389 580 unquam
414 541 523 568 sanos
543 541 587 567 ac
602 529 745 569 lucidos
766 529 892 570 infecit
912 531 1056 579 oculos,
1082 530 1279 584 coegitque
1297 530 1433 571 falsum

227 605 390 634 cernere.
416 597 488 632 Res
508 594 690 645 stupenda
712 605 747 634 et
764 607 876 643 noua,
895 608 1017 647 neque
1030 594 1142 635 michi
1162 608 1325 648 unquam
1345 596 1430 636 hac-

225 666 335 697 tenus
354 659 496 706 audita,
523 671 622 698 nunc
645 659 756 710 (quod
778 658 905 710 nolim)
930 659 966 699 in
990 673 1073 699 meo
1092 660 1214 712 capite
1230 671 1381 714 experta
1395 672 1432 702 et

225 722 390 775 cognita,
414 723 544 763 amicis
581 724 759 763 inuidiam
790 724 911 764 inesse
933 724 1162 776 pectoribus.
1195 725 1349 773 Amicis,
1371 728 1438 766 in-

225 801 352 840 quam,
379 789 441 828 sed
478 801 552 828 non
589 789 697 840 plena
731 802 775 829 ac
807 789 970 841 perfecta
998 789 1176 838 amicitia,
1204 803 1277 843 que
1300 801 1356 831 est
1382 792 1438 832 ita

227 853 388 893 amicum
413 863 454 893 ut
473 867 511 893 se
544 867 683 895 amare.
704 858 839 894 Amant
870 854 931 894 isti
953 867 1025 903 me,
1049 854 1112 894 sed
1142 867 1216 894 non
1245 845 1324 895 toto
1342 869 1432 908 pec-

226 929 318 960 tore.
343 918 472 958 Dicam
495 919 626 958 melius
647 932 655 957 :
679 929 758 959 toto
778 929 904 959 amant
930 929 1095 971 pectore,
1119 920 1181 959 sed
1204 933 1278 959 non
1312 930 1436 961 totum

226 997 298 1024 me.
321 983 442 1023 Vitam
462 994 575 1034 certe,
588 996 800 1036 corpusque
814 994 851 1024 et
866 984 1091 1031 animam‚et
1104 984 1281 1037 quicquid
1297 985 1433 1034 habeo,

226 1059 346 1100 preter
379 1048 531 1095 famam,
554 1062 710 1101 eamque
740 1049 935 1089 dumtaxat
972 1049 1175 1098 literarum,
1205 1049 1334 1089 horum
1361 1063 1437 1104 ego>

227 1114 285 1153 uel
308 1113 473 1153 omnium
495 1115 552 1154 uel
588 1114 818 1167 singulorum
854 1113 892 1153 in
927 1114 1100 1154 manibus
1119 1114 1275 1154 fidenter
1305 1115 1437 1167 nilque

225 1178 390 1219 hesitans
435 1179 638 1230 posuerim.
674 1183 803 1231 Neque
846 1179 913 1218 hec
948 1178 1118 1232 exceptio
1153 1190 1217 1220 aut
1259 1179 1334 1231 odij
1367 1190 1435 1220 aut

225 1242 389 1282 amicitie
412 1243 592 1292 lentioris‚
619 1244 683 1283 sed
715 1243 854 1283 inuidie
875 1253 944 1291 est,
969 1253 1008 1283 ut
1028 1243 1120 1292 dixi,
1147 1243 1258 1283 etiam
1280 1244 1316 1283 in
1337 1244 1431 1283 ami-

224 1307 322 1358 citiis
347 1307 562 1357 habitantis,
601 1309 658 1347 vel
692 1308 722 1348 si
754 1310 823 1348 hoc
854 1308 983 1348 auditu
1016 1309 1149 1348 durum
1179 1318 1247 1356 est,
1286 1318 1323 1349 et
1358 1310 1433 1349 hoc

224 1386 375 1425 quoque
409 1373 540 1412 melius
574 1374 680 1413 aliter
715 1384 770 1413 est
807 1373 1021 1422 dicendum,
1045 1383 1084 1413 ut
1117 1386 1191 1413 non
1215 1373 1344 1414 liuoris
1383 1374 1435 1414 sit

226 1438 410 1490 exceptio,
431 1438 494 1477 sed
518 1438 672 1480 doloris,
708 1439 843 1478 Dolent
861 1438 1031 1486 forsitan,
1052 1438 1127 1478 imo
1153 1439 1282 1479 dolent
1303 1439 1434 1491 utique

225 1503 325 1555 apud
347 1503 494 1551 doctos,
520 1503 619 1555 apud
653 1516 747 1555 quos
787 1503 913 1553 michi,
935 1516 1068 1543 uerene
1099 1516 1146 1542 an
1166 1503 1275 1553 falso,
1298 1503 1435 1544 literati

224 1567 385 1607 hominis
406 1574 553 1620 partum
576 1581 711 1607 nomen
735 1568 907 1618 audiunt,
925 1582 964 1608 se
986 1580 1055 1608 nec
1075 1567 1240 1608 literatos
1255 1574 1344 1608 =esse
1363 1581 1432 1609 nec

224 1633 412 1686 cognitos.
435 1633 530 1672 Hinc
551 1643 716 1685 ereptum
738 1632 849 1673 michi
869 1633 1040 1685 cupiunt,
1060 1633 1159 1686 quod
1180 1645 1255 1672 non
1275 1633 1428 1681 habent,

223 1711 357 1750 neque,
382 1698 411 1738 si
440 1698 603 1753 sapiunt,
630 1708 793 1749 sperant.
829 1703 962 1751 Magna
995 1707 1166 1752 uotorum
1202 1697 1434 1738 conflictatio

223 1776 421 1815 rerumque
466 1762 666 1811 discordia,
707 1763 766 1803 cui
807 1762 944 1802 bonum
984 1775 1095 1802 omne
1132 1763 1190 1802 uel
1226 1762 1428 1802 maximum

225 1827 334 1878 uelis,
357 1828 476 1867 eidem
498 1828 597 1867 nolle
618 1828 675 1868 uel
692 1827 901 1876 minimum,
918 1837 1080 1867 nontam
1103 1837 1193 1880 puto
1206 1827 1292 1880 quia
1303 1827 1339 1867 id
1361 1827 1430 1867 mi-

223 1893 282 1933 chi
301 1906 397 1941 esse,
420 1906 531 1945 quam
561 1893 659 1945 quod
683 1893 753 1932 sibi
774 1892 924 1932 doleam
941 1893 1085 1934 deesse.
1109 1897 1289 1946 Qerunt‚
1307 1906 1433 1946 neque

223 1958 258 1997 id
283 1957 400 1998 fateor
432 1958 581 2006 iniuste,
606 1958 642 1997 in
671 1957 835 1998 amicitia
856 1970 963 2010 pares
997 1970 1092 2006 esse,
1115 1967 1152 1998 et
1174 1957 1210 1997 id
1235 1967 1367 2011 agunt,
1389 1966 1430 1997 ut

225 2023 401 2075 quoniam
423 2023 511 2062 clari
545 2023 720 2062 omnes*
739 2035 820 2062 esse
839 2035 913 2062 non
931 2035 1145 2075 possumus,
1167 2022 1267 2075 quod
1284 2018 1433 2062 facilius

189 2140 191 2149 Ι
226 2098 392 2137 censent,
430 2088 545 2127 simus
589 2101 717 2127 omnes
755 2087 918 2128 obscuri.
961 2092 1038 2137 Est,
1078 2101 1154 2127 non
1196 2087 1351 2137 inficior,
1392 2086 1430 2126 in

271 2255 285 2270 ‘¹
308 2254 399 2294 Apres
418 2254 525 2293 animo,
546 2255 571 2285 le
587 2254 674 2295 signe
686 2254 752 2294 de'ja
767 2253 892 2295 indique
906 2252 1141 2295 plusieurs-fois.

266 2302 294 2317 *⁸¹
313 2302 376 2332 Fol.
402 2310 431 2339 31
458 2309 500 2333 νο.
