1494 2600
54 0 125 19 ,nv-<-
138 0 151 14 z>
180 0 196 6 *-

0 0 52 82 t!

0 88 5 115 ἰ

95 289 294 319 sectatores
329 278 412 319 fidei
452 279 694 327 insectantur,
732 278 964 330 obtusosque
996 286 1032 317 et
1068 277 1216 330 ignaros
1239 276 1302 316 di-

92 353 209 393 cunt,
234 357 354 396 neque
379 344 466 396 quid
487 344 548 394 alij
571 344 691 384 sciant
722 353 785 384 aut
828 343 916 396 quid
951 341 1133 390 nesciant,
1166 341 1229 381 sed
1265 341 1302 380 in

92 422 167 461 quo
187 422 310 449 secum
333 409 494 449 sentiant
513 419 578 448 aut
610 409 832 448 dissentiant
851 407 1049 448 attendunt
1068 422 1076 457 3
1103 407 1302 458 omnisque

90 473 276 514 dissensio
307 474 406 526 apud
447 474 530 513 illos
562 474 772 527 ignorantia
785 473 863 525 lest,
898 485 982 512 cum
1014 472 1061 512 ab
1086 471 1297 512 errantibus

89 537 289 578 dissentire
321 551 464 578 summa
505 538 552 578 sit
602 538 798 590 sapientia.
817 586 822 591 ὁ
845 542 897 577 Ita
939 547 1062 577 autem
1109 536 1303 589 proposito

91 602 280 652 insistunt,
304 613 344 643 ut
369 603 545 655 quoniam
567 616 611 642 ex
633 603 771 642 nichilo
792 602 868 642 fieri
901 602 1042 654 aliquid
1068 600 1302 653 impossibile

89 667 140 707 sit
158 677 302 723 natura,
329 673 406 707 Deo
425 668 495 720 ipsi
521 667 779 720 impotentiam
801 667 895 707 hanc
924 666 1126 715 ascribant,
1151 666 1227 706 ceci
1258 679 1301 706 ac

91 732 209 781 surdi,
225 732 288 785 qui
318 746 392 772 non
426 733 556 772 saltem
596 732 818 773 naturalium
858 731 1165 784 philosophorum
1200 730 1300 770 anti-

89 796 311 849 quissimum
333 797 486 837 audiant
509 797 764 850 pithagoram,
792 797 909 836 solius
931 796 1024 836 hanc
1045 796 1103 836 dei
1126 796 1204 836 fore
1223 796 1301 835 uir-

91 871 205 902 tutem
221 874 264 902 ac
279 862 484 914 potentiam
503 872 746 909 asserentem,
763 861 914 914 utquod
932 871 1060 901 natura
1077 860 1223 901 efficere
1237 874 1301 900 ne-

89 936 216 978 queat,
237 927 328 966 deus
347 926 456 967 facile
470 926 603 978 possit,
621 936 660 966 ut
680 927 743 978 qui
763 926 811 966 sit
832 925 933 965 omni
955 927 1093 966 uirtute
1109 926 1300 978 potentior

90 991 606 1044 atqueprestantior‚etaquo
617 991 837 1043 naturaipsa
855 991 953 1031 uires
971 1001 1159 1031 mutuetur
1178 991 1298 1042 (181).

94 1061 179 1096 Non
195 1056 318 1105 miror,
336 1055 366 1096 si
383 1056 556 1106 Cristum,
574 1057 604 1096 si
625 1057 831 1108 apostolos,
855 1055 885 1095 si
905 1057 1076 1096 doctores
1096 1055 1302 1096 catholicos

93 1119 168 1161 non
202 1120 372 1171 audiunt,
395 1135 490 1174 quos
510 1130 776 1162 contemnunt:
800 1121 898 1161 hunc
931 1121 1196 1173 philosophum
1226 1134 1302 1160 non

90 1186 220 1226 audire
239 1187 297 1226 uel
318 1199 491 1239 spernere
511 1187 594 1226 illos
621 1187 773 1229 miror*.
801 1187 871 1226 Sed
890 1199 959 1226 nec
979 1199 1054 1226 non
1079 1187 1214 1239 legisse
1234 1186 1302 1226 hec

89 1260 215 1291 tantos
243 1251 400 1291 aliorum
428 1251 570 1291 iudices
599 1251 653 1290 fas
689 1261 745 1291 est
774 1251 980 1303 suspicari3
1008 1264 1082 1303 que
1113 1251 1144 1291 si
1177 1260 1301 1291 tamen

88 1314 244 1356 forsitan
264 1329 339 1356 non
355 1317 537 1369 legerunt,
562 1317 701 1370 legant,
726 1317 756 1356 si
773 1316 858 1368 quis
873 1326 929 1356 est
950 1316 1083 1368 pudor,
1104 1316 1202 1368 apud
1220 1317 1300 1356 Cal-

88 1380 244 1429 cidium,
267 1380 304 1420 in
319 1381 513 1420 Thimeum
527 1381 695 1421 Platonis
711 1382 876 1433 secundo
893 1381 1161 1421 commentario
1179 1381 1278 1433 (182)
1290 1415 1298 1423 .

91 1446 161 1486 Sed
182 1446 428 1498 nequicquam
450 1459 597 1488 moneo.
631 1451 750 1486 Omne
772 1446 872 1499 quod
893 1446 938 1486 ad
960 1446 1136 1498 pietatem
1164 1447 1299 1493 tendit,

40 1553 45 1557 ,
88 1524 111 1550 a
139 1524 375 1564 quocumque
411 1511 567 1561 dictum,
600 1511 676 1563 pari
710 1511 918 1551 temeritate
958 1521 1070 1563 atque
1109 1511 1302 1564 impietate

88 1575 316 1629 despiciunt,
339 1586 375 1616 et
392 1586 432 1616 ut
457 1576 557 1616 docti
582 1577 792 1626 uideantur,
818 1576 1023 1626 insaniunt,
1046 1577 1146 1629 quod
1168 1577 1302 1618 ancille

92 1641 219 1681 humili
240 1651 416 1694 negatum
443 1640 490 1681 sit
519 1640 766 1693 omnipotenti
787 1654 938 1694 quoque
958 1641 1112 1682 domino
1141 1642 1299 1682 uetitum

90 1707 302 1758 opinantes.
317 1706 414 1760 Qin
429 1706 540 1746 etiam
552 1706 651 1759 quod
668 1706 705 1746 in
720 1707 851 1746 horum
869 1706 1093 1747 tumultibus
1107 1697 1301 1748 aduertere

90 1770 261 1823 potuisti,
302 1771 364 1811 ubi
400 1771 445 1811 ad
484 1770 776 1823 disputationem
812 1771 1000 1823 publicam
1030 1782 1183 1812 uentum
1226 1782 1297 1822 est,

88 1835 178 1889 quia
192 1849 332 1877 errores
351 1850 438 1876 suos
458 1846 623 1877 eructare
642 1850 719 1876 non
735 1837 928 1885 au**dent,
959 1837 1155 1890 protestari
1176 1838 1301 1878 solent

93 1914 133 1941 se
151 1901 189 1941 in
212 1914 364 1954 presens
383 1910 611 1954 sequestrata
631 1914 676 1941 ac
699 1902 862 1954 seposita
879 1901 952 1942 fide
970 1902 1153 1942 disserere
1169 1915 1180 1953 ;
1199 1903 1300 1955 quod

93 1966 183 2019 quid
204 1980 270 2006 oro
289 1977 346 2007 est
367 1966 482 2016 aliud,
502 1980 613 2019 quarn
636 1967 770 2007 reiecta
791 1968 946 2007 ueritate
969 1981 1097 2007 uerum
1131 1980 1299 2020 querere,

92 2041 131 2072 et
145 2031 252 2084 quasi
273 2032 352 2072 sole
377 2031 553 2072 derelicto
580 2032 617 2071 in
638 2031 951 2084 profundissimos
979 2042 1016 2073 et
1044 2046 1184 2086 opacos
1207 2042 1303 2074 terre

139 2190 153 2205 *
176 2195 213 2222 Le
229 2191 349 2222 dernier
367 2201 382 2222 r
401 2191 437 2223 de
454 2193 544 2223 miror
559 2199 604 2223 est
624 2192 697 2224 ecrit
719 2202 770 2224 sur
787 2202 826 2223 un
841 2199 989 2234 graitage.

139 2238 167 2255 “
190 2239 252 2270 Fol.
276 2248 309 2271 21
332 2242 369 2270 r⁰.
