1494 2600
111 291 168 322 est
183 285 216 333 (2
229 283 302 332 56).
326 285 454 321 Stante
472 281 542 320 hoc
560 279 816 329 fundamento,
835 278 924 332 quid
945 277 1128 319 Cristiano
1148 278 1318 332 dogmati

115 347 396 388 ciceronianum
417 346 542 386 obstet
572 344 790 397 eloquium?
814 353 878 384 aut
900 344 989 396 quid
1016 353 1150 384 noceat
1171 343 1319 384 Cicero-

112 411 244 452 nianos
281 411 396 452 libros
434 410 629 463 attingere,
650 422 734 449 cum
771 409 886 450 libros
918 408 1163 449 hereticorum
1186 408 1322 462 legisse

112 490 187 516 non
199 486 331 516 noceat
351 478 472 526 (257),
495 475 570 514 imo
581 474 768 527 expediat,
785 474 931 514 dicente
944 475 1126 526 Apostolo
1141 488 1148 513 :
1166 489 1186 513 «
1202 478 1323 527 Opor-

112 551 166 582 tet
186 541 331 581 hereses
351 554 445 588 esse,
470 550 510 580 ut
537 550 573 580 et
593 539 655 592 qui
678 539 824 592 probati
849 549 948 587 sunt,
973 538 1158 579 manifesti
1179 539 1268 580 fiant
1285 539 1322 579 in

111 606 252 647 vobis»
275 606 375 658 (258l
395 606 409 645 ?
431 610 599 646 Ceterum
619 606 735 645 multo
756 605 824 645 hac
844 605 879 644 in
900 614 1003 657 parte
1024 605 1108 657 plus
1120 604 1204 645 fidei
1220 605 1320 658 apud

113 685 172 712 me
193 671 384 711 habiturus
409 670 517 710 fuerit
541 670 624 722 pius
647 670 807 722 quisque
826 669 1047 719 catholicus,
1069 670 1242 722 quamuis
1262 670 1320 710 in-
1343 694 1347 697 Δ

111 737 258 783 doctus,
291 749 402 788 quam
446 736 554 775 Plato
583 735 664 787 ipse
696 736 754 775 uel
795 735 938 775 Cicero.
977 739 1053 774 Hec
1088 744 1174 775 sunt
1210 735 1322 788 igitur

109 811 328 855 argumenta
366 800 546 840 ualidiora
588 810 714 840 nostre
746 799 978 853 ignorantie3
1015 813 1088 852 que
1121 814 1205 840 uera
1241 814 1322 840 esse

110 867 271 920 gaudeo,
294 866 431 909 hercle.
453 875 567 917 utque
587 865 716 905 indies
737 865 880 904 ueriora
899 865 976 905 sint
999 865 1125 917 cupio.
1148 865 1321 906 Profecto

112 931 226 980 enim,
257 931 303 970 de
325 944 401 983 quo
427 929 537 969 michi
558 943 643 969 cum
665 929 810 983 magnis
843 930 931 969 uiris
956 930 1098 982 liquido
1127 931 1318 978 conuenit,

111 996 141 1036 si
181 1008 456 1048 quemcumque
490 995 770 1047 philosophum,
805 994 1011 1047 quamlibet
1049 996 1248 1045 famosum,
1290 997 1319 1036 si

110 1061 272 1114 denique
295 1060 405 1100 deum
435 1073 543 1100 suum
577 1059 805 1100 Aristotilem
830 1059 1009 1099 reuixisse
1030 1070 1066 1100 et
1095 1060 1320 1101 Cristianum

108 1125 248 1166 factum
263 1138 344 1165 esse
362 1125 530 1174 audiant,
548 1125 719 1165 ruditatis
739 1135 775 1165 et
795 1124 943 1165 inscitie
961 1135 1129 1178 arguent,
1153 1135 1190 1166 et
1209 1139 1319 1179 quem

109 1200 198 1231 ante
235 1190 483 1243 suspexerint,
519 1189 668 1242 superbi
707 1190 915 1242 despicient
950 1190 1179 1243 ignorantes,
1218 1201 1321 1232 tanta

110 1256 267 1309 penuria
304 1264 523 1307 tantumque
543 1255 669 1295 odium
704 1255 779 1295 ueri
801 1265 871 1305 est,
894 1256 1000 1307 quasi
1021 1255 1254 1306 dedidicerit,
1276 1270 1320 1297 eo

110 1321 194 1373 ipso
213 1321 312 1372 quod
335 1321 382 1360 ad
398 1321 618 1372 sapientiam
638 1321 704 1360 Dei
727 1320 842 1372 patris
859 1334 879 1359 a
897 1321 1102 1374 caliginosa
1123 1331 1159 1361 et
1173 1322 1320 1373 loquaci

110 1386 238 1425 mundi
265 1385 373 1425 huius
393 1385 602 1439 ignorantia
635 1386 682 1426 sit
702 1386 928 1426 conuersus!
954 1390 1084 1438 Neque
1115 1387 1226 1427 michi
1247 1387 1318 1427 du-

110 1450 212 1490 bium
230 1451 402 1503 est.quin
421 1450 631 1490 Victorinus
645 1451 676 1500 *,
694 1450 782 1490 dum
804 1450 1025 1491 rethoricam
1041 1451 1169 1492 docuit
1188 1452 1321 1492 claris-

109 1515 226 1556 simus
262 1515 424 1563 habitus,
450 1515 499 1555 ita
539 1525 579 1556 ut
613 1515 651 1555 in
687 1516 856 1556 Romano
874 1515 953 1555 foro
977 1526 1138 1557 statuam
1166 1517 1320 1558 meritus

107 1580 330 1632 accepisset,
352 1579 464 1627 illico,
489 1590 528 1620 ut
556 1580 716 1620 Cristum
750 1590 786 1621 et
816 1593 984 1620 ueracem
1014 1580 1124 1621 fidem
1157 1583 1255 1622 clara
1285 1593 1322 1624 et

109 1644 296 1685 salutifera
321 1657 415 1684 uoce
443 1644 636 1685 confessus
662 1655 732 1694 est,
767 1645 815 1685 ab
844 1645 917 1685 illis
943 1646 1113 1699 superbis
1151 1647 1321 1688 demoni-

107 1710 214 1759 colis,
255 1723 413 1763 quorum
462 1711 600 1750 offense
638 1721 737 1751 metu
778 1711 994 1764 aliquandiu
1037 1713 1318 1753 conuersionem

106 1775 296 1815 distulisse
316 1788 399 1814 eum
433 1775 470 1815 in
499 1776 803 1816 confessionibus
835 1777 913 1816 suis
934 1778 1165 1831 Augustinus
1193 1778 1315 1828 refert,

109 1839 221 1880 hebes
240 1852 284 1879 ac
304 1839 484 1880 deliran**
487 1840 654 1880 tissimus
673 1841 898 1890 haberetur(
891 1844 1013 1894 (.259)
1037 1843 1143 1898 Quod
1165 1843 1243 1884 de
1235 1857 1318 1896 1pso

107 1903 219 1944 etiam
255 1905 471 1958 Augustino
504 1918 548 1944 eo
588 1906 707 1959 magis
746 1907 930 1959 suspicor,
965 1921 1040 1959 quo
1078 1918 1114 1948 et
1155 1907 1236 1960 ipse
1262 1909 1319 1948 uir

108 1968 240 2008 clarior
258 1968 330 2010 fuit
359 1969 569 2022 clariorque
601 1971 810 2020 conuersio‚
831 1981 866 2011 et
884 1982 1024 2024 quanto
1050 1972 1222 2013 fidelibus
1242 1974 1316 2015 uti-

108 2033 178 2073 lior
212 2034 438 2087 gratiorque,
480 2044 584 2075 tanto
621 2035 730 2076 Cristi
767 2046 803 2076 et
842 2038 1007 2077 Ecclesie
1045 2051 1111 2078 sue
1148 2038 1319 2079 hostibus

148 2193 162 2207 ³
185 2196 237 2223 Les
257 2201 334 2223 mots
351 2193 416 2232 quin
435 2194 599 2225 Victorinus
615 2202 685 2226 sont
701 2195 791 2226 ecrits
807 2205 860 2227 sur
879 2206 920 2227 un
941 2204 1091 2239 grattage.

148 2240 176 2255 ”
200 2239 262 2271 Fol.
285 2247 323 2279 30
336 2248 374 2271 r0.
