1494 2600
143 283 239 336 phos
272 284 492 330 lacerantes,
529 295 597 322 nec
633 283 744 322 ullius
786 281 1031 336 magnitudini
1069 294 1262 335 parcentes
1292 294 1358 324 aut

140 347 262 402 glorie
280 347 402 400 (287).
421 347 504 388 Fuit
524 356 560 387 et
581 353 680 387 Zeno
700 348 780 400 ipse
794 347 997 387 maledicus
1011 357 1124 401 atque
1138 349 1276 397 irrisor,
1291 349 1355 402 qui

148 413 378 466 Crisippum,
404 412 552 452 uirum*
576 412 833 452 acutissimum
856 423 891 453 et
908 412 1073 453 eiusdem
1092 426 1217 454 secum
1239 423 1352 461 secte,

141 478 388 530 contemptim
422 477 635 526 nominans,
670 491 745 517 non
782 477 1009 530 Crisippum,
1042 477 1106 518 sed
1144 479 1352 532 Crisippam

141 555 290 596 semper
302 542 576 596 diceret(288)‚
588 552 624 583 et
635 556 710 582 non
727 543 837 582 modo
852 553 1063 592 coetaneos,
1078 543 1142 583 sed
1161 554 1352 596 parentem

140 607 376 660 philosophie
404 612 592 648 Socratem
625 607 798 658 conuitijs
830 620 874 648 ac
906 608 1115 648 maledictis
1134 609 1350 659 incesseret,

140 672 331 725 latinoque
352 686 441 713 usus
465 672 593 719 uerbo,
616 673 744 721 credo,
767 683 808 713 ut
831 673 1026 726 peregrine
1050 674 1176 727 lingue
1206 674 1354 714 morda-

11 782 14 784 ,
92 766 99 771 -
136 736 216 778 cior
235 737 341 777 iocus
364 749 476 786 esset,
500 750 663 778 scurram
687 738 876 778 Atthicum
898 738 1078 778 uocitaret
1098 739 1218 790 (289).
1242 739 1349 793 Quod

0 815 5 855 ᾗ
137 802 260 855 ipsum
294 816 472 850 scomma,
497 802 526 843 si
563 803 618 843 sic
646 803 735 842 illud
767 813 802 843 et
835 816 908 842 non
943 803 1068 854 potius
1098 803 1238 843 ledoria
1274 804 1349 844 dici

0 857 7 915 ἶ
29 916 33 921 1
133 867 260 917 debet,
289 869 326 908 in
344 868 503 908 eundem
515 868 614 920 apud
635 881 745 920 quem
772 868 839 907 hec
859 868 997 920 scripta
1019 879 1106 908 sunt
1128 869 1346 908 Ciceronem

0 927 7 969 i
25 971 31 978 ,
135 943 222 985 post
240 933 290 974 ab
307 933 439 973 emulis
461 946 608 973 uersum
627 943 707 984 est3
729 946 840 985 quem
858 933 908 973 ob
927 933 1110 986 insignem
1131 934 1256 987 lingue
1272 933 1344 974 fes-

0 991 3 1002 '
132 997 322 1038 tiuitatem
343 998 470 1038 dixere
493 998 608 1050 aliqui
623 999 856 1038 consularem
872 1011 1035 1038 scurram
1060 1001 1178 1051 (290).
1199 1000 1346 1053 Dignus

132 1063 237 1103 iocus
256 1076 331 1103 non
358 1063 456 1103 illius
481 1063 549 1103 uiri
570 1063 721 1103 auribus
747 1076 791 1103 ac
817 1063 998 1113 moribus,
1030 1064 1094 1103 sed
1129 1077 1193 1104 ore
1218 1067 1345 1116 potius

133 1138 170 1169 et
189 1128 415 1168 scurrilitate
439 1129 658 1169 iocantium.
684 1133 758 1168 Iam
784 1128 902 1168 Annei
923 1133 1062 1168 Senece
1081 1129 1119 1168 in
1143 1129 1343 1183 Quintilia-

131 1205 220 1232 num
231 1203 345 1246 atque
361 1194 399 1233 in
411 1197 588 1233 Senecam
601 1193 820 1248 Qintiliani
834 1193 1016 1234 detractio
1034 1204 1122 1234 nota
1143 1204 1200 1234 est
1221 1197 1340 1247 (291).

128 1262 315 1310 Erantque
333 1257 446 1298 ambo
465 1258 534 1297 uiri
557 1258 711 1312 egregii,
730 1258 841 1297 ambo
860 1258 1037 1311 Hispani3
1060 1258 1199 1299 mutuis
1218 1269 1343 1299 tamen

130 1323 316 1363 morsibus
345 1335 427 1363 sese
453 1333 624 1375 carpunt,
650 1333 763 1375 atque
789 1324 882 1363 alter
904 1323 1055 1363 alterius
1079 1323 1206 1363 stilum
1232 1324 1341 1363 dam-

127 1398 205 1428 nat.
230 1388 363 1428 Mirum
384 1401 536 1440 prorsus
556 1387 594 1427 in
618 1388 731 1428 tantis
752 1388 935 1440 ingenijs!
966 1389 1095 1428 Solent
1114 1389 1212 1428 enim
1238 1390 1340 1430 docti

127 1452 288 1493 indoctis
315 1462 404 1492 'esse
430 1452 516 1492 odio
548 1465 592 1492 ac
616 1453 789 1504 stupori;
825 1453 955 1492 horum
981 1453 1032 1493 illi
1065 1453 1193 1506 igitur,
1227 1455 1340 1494 modo

124 1517 284 1558 facultas
306 1517 498 1562 affulserit,
521 1517 657 1557 famam
679 1510 835 1559 rodunt(
854 1518 999 1568 Doctis‚
1018 1517 1114 1558 facie
1131 1518 1218 1558 licet
1238 1519 1342 1559 inco-

124 1582 254 1636 gnitis,
284 1583 378 1623 inter
405 1597 444 1623 se
470 1583 646 1636 cognatio
684 1583 798 1623 multa
831 1593 902 1631 est,
938 1584 1007 1623 nisi
1038 1584 1132 1623 hanc
1157 1584 1253 1624 liuor
1274 1595 1340 1626 aut

125 1648 343 1688 excellentie
374 1647 564 1700 appetitus
603 1648 816 1700 abruperit3
854 1649 953 1700 quod
991 1649 1027 1688 in
1061 1648 1118 1688 his
1156 1649 1338 1701 proximis

122 1713 272 1752 duobus
293 1713 405 1765 inque
423 1713 520 1763 aliis,
539 1713 585 1752 de
601 1713 738 1765 quibus
762 1723 848 1753 ante
865 1713 1041 1762 diximus,
1063 1714 1234 1754 euenisse
1253 1727 1335 1754 cre-

123 1778 239 1818 dibile
264 1788 334 1820 est.
358 1778 502 1832 Qubus
521 1778 746 1830 quandoque
769 1778 1018 1826 cessantibus,
1045 1792 1184 1819 nouum
1214 1779 1332 1828 dictu,

121 1843 243 1883 claros
270 1843 365 1883 inter
395 1843 495 1882 uiros
527 1856 610 1882 esse
641 1843 788 1883 uidetur
808 1844 996 1883 -emulatio
1029 1844 1204 1896 quedam,
1227 1844 1334 1897 quasi

126 1908 248 1948 uentis
271 1908 600 1960 quiescentibus*
632 1918 778 1948 tumens
805 1921 922 1957 mare,
944 1909 1052 1949 cuius
1069 1909 1257 1961 duplicem
1284 1908 1349 1953 rei,

122 1985 275 2013 causam
296 1973 395 2026 apud
416 1973 598 2025 quosdam
621 1974 720 2026 lego.
750 1978 828 2014 Una
855 1983 911 2014 est
933 1973 1039 2013 fauor
1064 1974 1334 2027 discipulorum

121 2047 239 2091 atque
256 2038 486 2091 sequacium,
511 2038 575 2090 qui
601 2038 777 2079 libentius
801 2038 992 2091 quieturos
1021 2039 1215 2091 contrariis
1245 2047 1334 2080 sen-·

165 2198 179 2214 *
204 2199 267 2230 Fol.
290 2200 324 2239 36
337 2206 378 2230 v⁰.

159 2251 187 2267 ⁸
210 2255 247 2283 Le
265 2259 327 2283 mot
346 2252 557 2292 quiescentibus
572 2258 618 2283 est
631 2252 705 2283 ecrit
725 2262 776 2283 sur
793 2262 833 2283 un
851 2259 999 2294 grattage.
