1494 2600
85 282 270 334 alliciunt,
285 281 435 335 quibus,
462 282 530 322 etsi
556 281 708 321 materia
723 281 797 321 alta
822 280 881 329 sit,
898 293 972 319 non
992 289 1048 319 est
1067 278 1203 331 eloquij
1226 291 1292 330 par

84 348 244 388 dulcedo
268 347 387 400 (167).
413 351 509 396 Sepe
534 345 774 386 cantusidem
793 358 860 398 pro
882 345 1061 385 uarietate
1077 343 1290 383 canentium

84 426 185 454 nunc
201 411 446 460 delectabilis,
460 423 559 451 nunc
579 412 756 451 molestus
776 409 859 460 fuit,
882 420 919 450 et
935 409 1088 450 eandem
1111 408 1290 448 musicam

85 479 197 532 longe
216 477 356 517 uariam
377 490 450 516 uox
474 476 651 518 ostendit.
675 481 731 515 Ne
750 486 874 515 tamen
899 489 955 515 res
976 485 1082 528 egeat
1102 475 1288 526 exemplo,

86 542 326 597 pithagoram
351 542 485 581 summi
508 541 626 580 uirum
648 540 783 594 ingenij
809 540 923 580 fuisse
957 540 1041 592 quis
1064 553 1138 579 non
1159 538 1292 579 nouit?

85 608 172 648 Eius
219 617 277 647 est
310 617 434 647 tamen
469 616 556 646 nota
584 606 646 645 illa
680 610 1097 653 ΜεΤεΜΨΙΚΟΕΙΕ
1112 604 1131 623 *
1169 604 1288 655 (168),

83 685 194 726 quam
211 672 247 712 in
259 681 372 724 caput
386 684 460 711 non
477 671 598 711 dicam
615 670 844 723 philosophi,
863 670 925 710 sed
940 669 1100 710 hominis
1114 670 1291 709 scandere

82 737 251 790 potuisse
282 750 392 789 supra
419 735 530 775 fidem
554 746 701 788 stupeo.
731 735 884 776 scandit
904 744 1028 775 tamen
1048 744 1084 775 et
1109 748 1130 774 a
1154 747 1290 787 magno

82 802 271 855 inge**nio
291 801 469 854 profecta,
490 813 623 854 magna
647 801 774 849 etiam,
792 811 832 840 ut
852 800 1061 852 perhibent,
1082 799 1209 839 infecit
1229 799 1290 838 in-

81 867 204 921 genia.
222 866 470 918 [***Dicerem
484 866 542 906 hic
554 866 712 919 aliquid,
728 866 757 905 si
784 865 974 915 auderem3
997 865 1096 917 quod
1109 864 1196 917 quia
1214 877 1289 904 non

81 932 216 980 audeo,
235 931 431 972 audentior
448 944 515 983 pro
538 944 595 970 me
614 930 713 970 dicet
738 930 953 970 Lactantius
973 930 1204 977 Formianus,
1225 929 1288 981 qui

81 996 120 1036 in
151 995 254 1037 libris
284 995 577 1044 Institutionum,
613 996 710 1035 hunc
749 995 871 1047 ipsum
904 995 950 1034 de
988 1008 1062 1047 quo
1103 994 1291 1046 loquimur

81 1061 337 1114 pithagoram,
355 1063 491 1100 uanum
506 1073 631 1100 senem
645 1071 681 1100 et
698 1060 880 1112 ineptum,
900 1059 1162 1111 hominemque
1178 1059 1288 1098 leuis-

81 1124 215 1165 simum
241 1125 442 1165 deridende
469 1124 645 1164 uanitatis
670 1125 860 1177 appellare
886 1137 961 1164 non
1000 1123 1140 1164 ueritus
1161 1123 1286 1176 (469),

82 1199 201 1230 totum
217 1190 287 1230 hoc
306 1189 516 1230 fabulosum
538 1200 574 1230 et
604 1190 716 1229 inane
736 1189 985 1237 mendacium,
1002 1198 1114 1241 atque
1138 1189 1226 1228 illud
1250 1189 1288 1228 in

83 1254 214 1307 primis
231 1255 331 1307 quod
366 1268 406 1294 se
426 1255 463 1294 in
483 1255 606 1307 priore
627 1254 703 1295 uita
734 1255 990 1307 Euphorbium
1024 1254 1132 1306 (170)
1172 1253 1288 1293 fuisse

83 1320 260 1360 mentitus
283 1330 352 1368 est,
375 1333 554 1373 generosa
575 1320 651 1360 stili
672 1330 783 1372 atque
800 1319 914 1358 animi
938 1319 1108 1359 libertate
1127 1318 1289 1371 despicit

79 1397 124 1425 ac
144 1384 288 1425 refellit.
317 1389 397 1425 Hoc
421 1394 477 1424 est
505 1394 629 1425 autem
657 1398 770 1424 unum
794 1384 884 1424 illud
906 1384 1174 1425 electissimum
1195 1384 1289 1424 inter

80 1449 311 1503 pithagorica
328 1449 518 1503 dogmata,
541 1450 677 1502 quibus
691 1449 754 1489 ille
786 1449 841 1489 uir
859 1450 1004 1489 aduena
1024 1449 1122 1501 apud
1147 1449 1286 1489 Metha-

80 1514 256 1566 pontinos
277 1514 462 1563 credulos,
487 1514 550 1554 ubi
569 1514 666 1554 diem
688 1514 795 1566 obijt‚
818 1515 962 1555 tantum
985 1514 1118 1554 meruit
1135 1527 1285 1561 nomen,

80 1590 121 1619 ut
142 1580 276 1619 domus
291 1579 371 1619 eius
385 1592 452 1632 pro
473 1580 628 1632 templo,
652 1580 732 1632 ipse
746 1593 815 1632 pro
832 1579 902 1619 deo
917 1580 1041 1619 cultus
1057 1589 1171 1631 atque
1186 1578 1289 1618 habi-

78 1654 139 1684 tus
168 1643 216 1684 sit
240 1645 377 1695 (171)].
403 1649 447 1684 Et
474 1644 647 1697 quamuis
678 1645 745 1684 hec
771 1644 851 1697 ipse
872 1657 944 1684 non
969 1643 1159 1696 scripserit
1181 1645 1283 1695 (172)

81 1708 206 1760 (nichil
230 1709 329 1749 enim
350 1709 545 1761 scripsisse
559 1709 744 1759 traditur),
766 1710 862 1750 dixit
879 1719 1020 1759 tamen,
1044 1719 1080 1749 et
1100 1718 1187 1762 post
1203 1721 1288 1748 eum

31 1769 33 1773 ’
79 1773 261 1826 scripsere
281 1773 342 1825 alij
361 1776 482 1826 (173).
504 1774 595 1829 Qiis
606 1774 842 1814 athomorum
859 1774 987 1815 turbas
1007 1786 1289 1826 concursusque

76 1836 252 1879 fortuitos
273 1851 350 1878 non
370 1838 540 1879 audiuit?
559 1844 613 1879 Ex
631 1839 768 1891 quibus
791 1839 829 1879 in
848 1853 962 1879 unum
986 1839 1208 1879 coeuntibus
1228 1851 1291 1878 ce—

79 1903 154 1942 lum
178 1913 215 1943 et
234 1912 367 1943 terram
388 1913 424 1943 et
444 1904 615 1944 uniuersa
630 1914 799 1944 constare
818 1905 899 1944 uult
915 1903 1149 1943 Democritus
1165 1906 1286 1955 (174),

118 2047 131 2063 *
149 2053 187 2080 La
201 2050 414 2090 transcription
429 2060 466 2082 en
480 2051 644 2082 caracteres
658 2051 746 2082 latins
763 2051 1012 2092 (metempsicosis)
1029 2051 1070 2082 du
1088 2058 1153 2082 mot
1175 2064 1292 2093 μετεμ-

75 2099 195 2138 ψιιόσις
208 2106 240 2128 se
253 2103 358 2128 trouve
377 2097 451 2128 dans
468 2099 494 2128 la
513 2107 616 2139 marge
632 2098 669 2129 de
688 2099 816 2139 gauche.

115 2143 144 2160 ⁸*
160 2145 223 2175 Fol.
248 2152 288 2174 20
303 2147 342 2176 r⁰.

115 2190 158 2207 ‘⁵²‘
180 2195 260 2222 Tout
275 2201 308 2223 ce
325 2192 377 2232 qui
393 2199 438 2223 est
457 2200 544 2224 entre
564 2194 699 2224 crochets
718 2199 762 2224 est
781 2193 855 2225 e'crit
869 2203 907 2225 au
933 2194 985 2225 bas
999 2194 1036 2225 de
1057 2194 1084 2224 la
1105 2203 1192 2235 page,
1215 2202 1289 2224 avec

74 2238 180 2270 renvoi
197 2238 272 2270 dans
285 2239 313 2270 le
329 2245 407 2271 texte
423 2239 511 2280 apres
530 2241 556 2271 le
576 2247 639 2271 mot
658 2241 785 2281 ingenio.
