1494 2600
255 0 285 26 ῖς,
299 0 334 18 κγ
347 0 430 14 ’κῇ-ιιι
460 0 873 21 wrm-svvwngffqu.
899 10 902 15 .
923 0 946 10 :v
958 0 1048 15 *rr-5
1060 0 1115 14 ’·“·’-.
1132 0 1135 2 ·
1156 0 1170 13 t.
1182 0 1193 6 ’
1215 6 1218 7 ⁷

131 319 275 360 Viderit
312 319 537 373 indicetque,
574 331 609 360 et
655 320 683 359 si
721 319 850 359 horum
884 317 1105 359 sententiam
1144 317 1343 370 approbet,

128 385 354 438 acquiesc03
390 385 419 425 si
459 385 659 431 rescindat,
702 397 778 424 non
814 385 898 424 ideo
939 384 996 423 his
1035 383 1186 431 irascor,
1222 381 1345 422 sciens

130 461 270 502 quanta
290 450 339 490 sit
356 451 391 490 in
409 450 543 490 animis
562 450 752 490 hominum
775 459 940 502 potestas
954 449 1167 488 affectuum.
1196 448 1241 487 Hi
1260 456 1347 487 sunt

126 525 254 556 autem
275 515 338 568 qui
360 515 397 554 in
421 529 480 555 me
509 515 729 555 sententiam
755 515 850 554 hanc
873 514 1058 554 dictarunt
1076 528 1084 563 3
1105 513 1229 561 fallor,
1250 525 1346 552 unus

131 579 244 628 enim,
267 593 378 632 quern
418 594 506 633 sepe
541 580 651 620 hodie
690 579 875 628 nomin0*,
899 580 994 618 liuor
1028 578 1110 618 fuit.
1150 579 1215 618 Ille
1250 578 1346 617 hanc

127 644 260 699 digitis
283 645 361 685 suis
391 645 555 698 scripsit,
578 659 690 698 quarn
719 657 789 685 nec
816 657 920 684 amor
955 644 1078 696 potuit
1098 653 1254 690 mutare,
1278 655 1347 682 nec

132 709 239 750 ratio.
263 715 334 750 Cur
354 724 444 764 ergo
467 711 642 750 irascerer
674 710 803 750 amicis
825 723 892 761 pro
918 722 963 748 eo
992 708 1092 761 quod
1121 707 1168 747 ab
1198 707 1344 747 illorum

130 775 238 815 hoste
264 777 505 815 commissum
527 776 608 815 est?
628 775 663 815 Si
686 774 919 826 iniquitatem
940 773 1004 824 filij
1023 786 1100 813 non
1127 772 1196 813 fert
1225 782 1343 825 pater,

0 833 7 884 ἕ
62 867 68 872 -
129 852 200 880 nec
230 839 328 880 filius
361 841 492 893 patris,
520 850 661 892 quanto
694 839 815 879 minus
850 838 967 878 hostis
1001 838 1180 890 iniquitas
1213 850 1347 877 nocere

130 903 264 945 debeat
283 904 419 953 amico,
443 905 636 957 presertim
662 905 760 944 illius
781 916 928 943 carcere
959 915 1002 942 ac
1023 902 1155 942 uinclis
1176 902 1343 951 astricto,

127 966 195 1021 qui
216 970 245 1009 si
269 970 419 1021 quando
447 970 516 1010 sibi
539 970 705 1009 redditus
722 969 845 1018 fuerit,
861 978 896 1008 et
911 981 997 1008 suas
1012 978 1047 1008 et
1067 967 1176 1007 amici
1194 967 1346 1007 iniurias

129 1034 180 1074 sit
199 1035 366 1076 ulturus!

185 1103 277 1140 Sunt
306 1101 421 1140 multa
451 1109 631 1152 preterea,
665 1113 739 1151 que
776 1099 1020 1147 iracundiam,
1057 1098 1087 1138 si
1114 1111 1187 1150 qua
1226 1107 1339 1145 esset,

124 1165 384 1217 exemplorum
412 1165 662 1217 comprimant
685 1174 1002 1216 compescantque
1023 1162 1208 1211 remediis.
1233 1167 1346 1202 Nam-

126 1242 202 1282 que
216 1242 379 1282 unquam
395 1231 453 1270 uel
475 1230 644 1270 doctrina
660 1230 718 1269 uel
739 1229 932 1275 sanctitas,
955 1238 1019 1268 aut
1038 1227 1156 1268 uirtus
1177 1227 1348 1280 quelibet

128 1304 206 1335 tam
233 1295 418 1335 excellens
445 1294 528 1343 fuit,
559 1305 598 1334 ut
626 1294 940 1335 obtrectatoribus
973 1306 1048 1333 non
1079 1292 1243 1344 pateret?
1268 1297 1346 1332 Imo

126 1360 296 1413 quidem,
318 1369 358 1400 ut
380 1359 508 1399 Liuius
522 1359 574 1400 ait
593 1360 713 1411 (281),
735 1373 810 1412 quo
831 1359 948 1412 gloria
974 1357 1105 1407 maior,
1124 1371 1168 1397 eo
1191 1357 1344 1409 propior

128 1423 284 1466 inuidia.
315 1429 366 1474 ⁴Et
397 1424 451 1464 sic
481 1433 550 1466 est.
586 1428 821 1476 Quamquam
853 1423 950 1463 enim
988 1422 1084 1462 iners
1123 1423 1261 1461 malurn
1298 1421 1347 1461 sit

128 1488 386 1539 inuidia(282)
405 1499 442 1529 et
460 1490 557 1529 altos
570 1489 606 1529 in
618 1489 762 1529 animos
786 1501 860 1528 non
878 1488 1069 1535 ascendat,
1085 1487 1147 1527 sed
1168 1486 1295 1539 uipere
1310 1487 1347 1526 in

129 1567 285 1604 morem,
298 1554 400 1594 iuxta
419 1554 579 1594 Nasonis
600 1554 836 1603 sententiam,
851 1552 951 1592 humi
965 1562 1088 1604 serpat
1104 1552 1165 1602 (28
1176 1553 1222 1602 3),
1237 1551 1346 1590 fami-

128 1619 218 1659 {iare
249 1629 374 1660 tamen
406 1619 457 1659 illi
489 1629 545 1660 est
572 1620 647 1659 alte
684 1620 802 1672 glorie
835 1618 978 1657 radices
1017 1617 1164 1656 auidius
1198 1615 1344 1668 insequi

128 1683 312 1737 clarisque
341 1684 556 1724 nominibus
589 1697 696 1723 suum
737 1684 838 1723 uirus
880 1682 1097 1733 infundere3
1135 1694 1209 1722 non
1238 1682 1346 1722 aliter

125 1762 240 1801 quam
269 1749 498 1789 subterranei
528 1749 680 1801 quidam
712 1762 871 1797 uermes,
895 1748 957 1800 qui
992 1760 1163 1800 proceras
1192 1747 1347 1786 arbores

129 1813 295 1855 radicum
325 1814 510 1854 morsibus
535 1814 777 1854 clandestinis
804 1823 839 1853 et
866 1813 977 1853 tacita
1011 1813 1093 1852 labe
1117 1822 1345 1865 pertentant.

130 1879 191 1919 Sic
211 1892 301 1932 sepe
320 1875 455 1920 tacitus
476 1880 572 1920 seuit
592 1880 711 1929 liuor3
740 1879 803 1918 sed
826 1878 1010 1918 interdum
1033 1879 1177 1931 magnis
1202 1886 1343 1926 estuat,

130 1944 305 1997 passione
321 1944 436 1984 animi
459 1944 645 1984 silentium
665 1943 859 1997 frangente
869 1942 1109 1983 clamoribus.
1134 1946 1178 1982 Et
1192 1941 1345 1981 Thersi-

131 2020 194 2050 ten
211 2009 306 2062 pede
325 2009 514 2058 claudum,
529 2009 729 2049 distortum
747 2008 929 2057 cruribus,
948 2006 1110 2047 humeris
1125 2007 1345 2060 gibbosum,

130 2084 282 2127 pectore
313 2086 519 2114 concauum
532 2074 581 2123 **,
605 2075 830 2114 caluastrum
853 2072 1006 2122 uertice,
1038 2082 1150 2125 atque
1184 2071 1343 2125 prurigi-

175 2199 189 2214 *
214 2199 274 2229 Fol.
325 2209 333 2235 ς
360 2206 402 2229 v⁰.

175 2246 204 2261 *⁴
228 2250 280 2276 Les
299 2207 431 2286 gyllabes
455 2246 552 2276 bosam
569 2253 598 2276 et
618 2246 660 2276 les
680 2245 759 2276 deux
777 2250 854 2275 mots
871 2244 1009 2274 suivants
1026 2250 1097 2275 sont
1117 2244 1208 2275 ecrits
1228 2253 1281 2275 sur
1309 2254 1349 2275 un

134 2299 291 2334 grattage.
