1494 2600
675 162 887 200 -16-

176 251 277 299 nium
311 250 475 296 missuri,
504 262 593 288 uase
625 257 802 301 argenteo
840 248 1038 298 inclusum,
1073 249 1232 289 candido
1267 250 1382 290 linteo

174 315 413 355 obuoluimus
428 315 493 365 (ς),
517 326 586 353 nec
608 314 691 366 plus
710 325 844 364 nempe
855 312 954 364 quod
968 313 1139 362 mittitur,
1154 327 1222 354 nec
1233 314 1378 364 melius,

173 380 237 419 sed
253 379 451 431 accipienti
465 378 621 431 gratius,
639 377 830 417 honestius
845 376 885 416 fit
897 377 1057 417 mittenti
1072 392 1081 428 ;
1097 378 1151 417 sic
1166 388 1202 418 et
1216 391 1285 432 ego
1304 393 1378 419 rem

174 456 325 496 paruam
347 444 476 495 pulcro
497 442 683 482 uelamine
715 442 926 489 honestam,
948 454 1032 480 cum
1053 442 1154 494 quod
1179 443 1378 494 epistulam

173 521 321 561 possem
345 508 481 556 dicere,
511 507 645 547 librum
667 507 760 556 dixi,
792 507 855 558 qui
889 506 957 546 tibi
991 519 1066 546 non
1101 507 1239 546 idcirco
1270 508 1379 548 uilior

171 573 295 622 fuerit,
319 572 419 625 quod
446 572 565 612 lituris
579 581 617 611 et
635 571 892 611 additionibus
914 570 1083 622 plurimis
1107 571 1327 612 intertextus
1344 582 1380 613 et

173 640 283 691 pleno
308 636 473 689 undique
493 637 658 690 margine
678 634 935 676 circumfertus
956 645 1011 675 est
1027 650 1036 686 ;
1055 637 1122 676 etsi
1143 635 1241 675 enim
1261 637 1380 676 oculis

172 704 364 755 demptum
397 701 538 754 aliquid
573 701 621 741 sit
652 701 813 750 decoris,
842 700 968 740 animo
1000 711 1125 740 tamen
1161 701 1378 741 tantundem

173 768 292 821 gratie
310 767 479 807 additum
499 767 546 818 (6)
568 765 832 811 uideri-debet,
855 765 955 817 quod
977 765 1063 805 hinc
1086 766 1143 805 uel
1166 765 1325 806 maxime
1344 776 1381 806 te

174 832 285 872 michi
305 831 635 871 familiarissimum
651 830 843 883 intelligis,
867 830 925 869 cui
941 830 996 870 sic
1017 830 1191 879 scribam,
1216 841 1256 871 ut
1275 831 1381 871 addi-

173 898 294 937 tiones
314 909 357 936 ac
380 897 508 937 lituras
526 908 593 935 ceu
614 894 769 935 totidem
791 895 897 948 signa
917 894 1179 935 familiaritatis
1198 908 1242 935 ac
1261 895 1380 936 dilec-

172 963 286 1002 tionis
308 961 484 1014 aspicias.
513 965 590 1000 Nec
615 969 781 1012 preterea
799 960 971 999 dubitare
990 960 1112 1012 possis
1134 973 1255 1000 meum
1276 973 1377 1010 esse,

173 1027 237 1080 qui
259 1037 296 1068 et
316 1039 426 1066 manu
451 1039 532 1065 mea
553 1025 620 1065 tibi
643 1025 732 1064 olim
756 1024 950 1064 notissima
971 1025 1132 1077 scriptus
1153 1035 1189 1065 et
1207 1025 1313 1077 quasi
1334 1025 1382 1065 de

173 1092 355 1132 industria
374 1101 431 1131 tot
449 1090 686 1131 cicatricibus
706 1089 932 1129 deformatus
954 1090 999 1128 ad
1022 1099 1058 1130 te
1074 1089 1214 1139 ueniat,
1242 1103 1380 1130 memo-

174 1170 259 1197 rans
278 1157 354 1197 tale
372 1155 513 1207 aliquid
535 1155 581 1194 de
597 1160 746 1194 Nerone
766 1154 934 1207 principe
949 1154 1143 1207 scripsisse
1164 1155 1379 1195 Suetonium

172 1221 452 1274 Tranquillum:
479 1237 496 1257 α
521 1223 677 1269 Venere,
701 1219 899 1271 inquit(7)‚
920 1219 956 1258 in
981 1232 1112 1259 manus
1133 1233 1234 1260 meas
1254 1220 1379 1274 pugil-

173 1289 266 1327 lares
311 1286 502 1338 libellique
551 1298 636 1325 cum
681 1284 905 1337 quibusdam
951 1284 1157 1324 notissimis
1194 1285 1378 1335 uersibus,

173 1352 291 1404 ipsius
308 1350 531 1404 cirographo
566 1349 731 1402 scriptis,
757 1359 798 1389 ut
817 1348 925 1388 facile
945 1359 1141 1401 appareret
1162 1363 1237 1390 non
1258 1354 1382 1390 trans-

173 1418 267 1457 latos
289 1425 355 1455 aut
373 1415 540 1455 dictante
558 1415 685 1467 aliquo
706 1424 896 1466 excep103‚
911 1414 974 1453 sed
990 1414 1101 1466 plane
1115 1415 1221 1466 quasi
1244 1427 1265 1454 a
1280 1414 1382 1468 cogi-

172 1491 275 1522 tante
292 1490 405 1532 atque
435 1488 633 1533 generante
666 1488 850 1527 exaratos,
885 1479 936 1518 ita
969 1479 1084 1519 multa
1119 1489 1156 1519 et
1185 1479 1320 1528 deleta,
1344 1489 1382 1520 et

174 1546 326 1586 inducta
354 1555 391 1585 et
430 1544 680 1596 superscripta
719 1544 876 1585 inerant.
902 1558 922 1582 ›>
947 1548 991 1584 Et
1027 1543 1097 1583 hec
1121 1544 1272 1596 quidem
1302 1544 1378 1584 ille.

175 1612 235 1651 Nil
255 1610 323 1651 tibi
341 1622 439 1650 nunc
455 1609 556 1649 aliud
572 1622 653 1649 sum
672 1609 890 1661 scripturus.
906 1609 1005 1648 Viue
1015 1608 1086 1648 mei
1105 1622 1245 1648 mernor
1258 1610 1323 1661 (8),
1346 1619 1382 1650 et

173 1677 271 1717 uale.
329 1727 333 1731 .

228 1739 375 1788 Pataui,
395 1738 518 1779 idibus
539 1738 735 1787 Januariis‚
758 1737 829 1778 mei
850 1737 989 1778 doloris
1009 1737 1195 1778 inlectulo
1208 1739 1275 1790 (9),
1293 1739 1382 1778 hora

173 1804 295 1844 noctis
311 1803 420 1845 X1²*.

214 2070 228 2085 ⁸
248 2073 281 2100 Je
303 2069 406 2109 publie
434 2074 511 2099 cette
533 2068 617 2099 lettre
640 2066 758 2107 d'apres
781 2068 809 2098 le
828 2076 885 2098 ms·
909 2070 959 2097 Vl.
989 2070 1024 2097 D.
1054 2068 1101 2098 16.
1124 2066 1161 2098 de
1183 2066 1328 2099 l’Estense
1347 2067 1384 2098 de

175 2116 318 2154 Μοάὲῃε,
338 2125 426 2155 parce
451 2115 560 2155 qu'elle
586 2124 718 2155 marique
743 2114 820 2145 dans
839 2115 866 2145 le
891 2124 947 2145 ms.
976 2115 1167 2154 autographe
1196 2118 1259 2146 Vat.
1291 2124 1382 2155 3359.

175 2168 276 2204 voyez
303 2167 525 2199 FRACAsssrrr,
550 2162 638 2193 Trad.
654 2162 725 2193 delle
739 2161 838 2202 Senili,
856 2165 938 2200 ΧΙΙΙ,
961 2171 989 2200 5.
1009 2170 1023 2191 e
1039 2161 1125 2192 Della
1137 2170 1220 2202 prop.
1241 2161 1278 2192 ed
1295 2161 1386 2193 altrui

171 2211 338 2251 ignoranza
350 2210 510 2250 (venezia,
535 2210 635 2249 1858*⁹
