1494 2600
718 212 931 252 -68—

223 299 352 338 Grecia
383 299 520 339 nostris
544 301 776 342 sermonibus
802 303 911 342 surda
935 314 1005 355 est,
1030 305 1183 346 audiant
1201 318 1295 358 quos
1320 308 1424 347 Italia

219 363 355 412 omnis,
370 373 405 404 et
420 364 537 404 Gallia
553 375 588 405 et
599 367 831 407 contentiosa
844 369 1014 409 Pariseos
1027 382 1070 409 ac
1084 369 1309 422 strepidulus
1324 376 1423 412 Stra-

220 427 360 466 minum
378 429 483 468 uicus
503 429 615 471 habet
628 433 748 481 (208).
766 437 905 473 Omnes
919 435 1090 482 morales,
1105 434 1174 474 nisi
1186 434 1306 486 fallor,
1318 436 1423 493 Aris-

217 492 333 532 totilis
345 493 459 533 libros
475 494 546 547 legi
562 496 680 548 (209),
694 498 876 549 quosdam
889 498 999 538 etiam
1011 499 1152 549 audiui,
1169 510 1205 540 et
1223 510 1421 554 antequam

217 557 284 596 hec
305 567 406 598 tanta
428 559 662 612 detegeretur
683 561 905 614 ignorantia,
932 563 1140 617 intelligere
1158 565 1298 618 aliquid
1319 566 1422 606 uisus

215 635 329 670 eram,
352 623 572 676 doctiorque
596 624 652 665 his
675 625 830 667 forsitan
850 640 1131 681 nonnunquam,
1163 630 1227 669 sed
1250 643 1326 670 non
1349 644 1422 683 qua

214 686 366 737 decuit;
391 688 522 728 melior
557 688 678 730 sactus
713 692 759 731 ad
800 706 859 731 me
887 693 993 743 redij,
1023 703 1060 734 et
1091 707 1180 746 sepe
1211 708 1356 735 mecum
1385 705 1422 736 et

213 752 438 805 quandoque
476 765 560 793 curn
600 755 682 806 alijs
723 767 878 808 questus
922 771 1002 797 sum
1056 758 1147 798 illud
1192 759 1301 799 rebus
1346 773 1420 800 non

213 817 372 869 impleri,
389 819 489 870 quod
510 819 547 858 in
566 820 686 871 primo
720 822 934 862 Ethicorum
955 822 1201 876 philosophus
1221 824 1318 864 idem
1339 825 1420 877 ipse

212 878 376 930 prefatus
401 890 457 920 est
480 880 604 933 (210),
629 895 708 922 eam
731 883 874 924 scilicet
893 885 1130 937 philosophie
1149 895 1291 939 partem
1305 886 1414 935 disci,

210 956 285 983 non
307 954 346 984 ut
365 944 540 993 sciamus,
564 947 626 986 sed
652 957 692 987 ut
711 948 797 987 boni
818 948 991 991 fiamus*.
1015 949 1132 990 Video
1151 963 1284 1003 nempe
1304 951 1419 992 uirtu-

210 1017 284 1048 tem
305 1009 352 1048 ab
369 1009 433 1049 illo
450 1011 598 1064 egregie
611 1011 760 1052 diffiniri
776 1022 812 1053 et
831 1013 1010 1067 distingui
1026 1015 1251 1068 tractarique
1266 1016 1415 1068 acriter,

209 1082 246 1113 et
274 1086 347 1125 que
378 1075 512 1127 cuique
537 1085 623 1116 sunt
653 1078 816 1129 propria,
846 1092 909 1118 seu
938 1080 1044 1128 uitio,
1068 1093 1131 1120 seu
1168 1080 1310 1122 uirtuti.
1335 1086 1417 1137 Qie

209 1150 293 1177 cum
323 1139 451 1189 didici,
478 1140 555 1180 scio
579 1142 787 1193 plusculum
815 1157 926 1195 quam
951 1145 1141 1195 sciebam3
1166 1145 1263 1185 idem
1290 1155 1416 1186 tamen

210 1213 266 1243 est
293 1203 440 1244 animus
471 1206 534 1257 qui
567 1205 699 1252 fuerat,
731 1208 980 1261 uoluntasque
1016 1210 1160 1258 eadem,
1196 1210 1292 1250 idem
1328 1224 1412 1264 ege.

148 1278 150 1280 ’
210 1267 319 1307 Aliud
345 1279 401 1309 est
427 1269 524 1309 enim
555 1272 648 1311 scire
666 1282 780 1324 atque
799 1273 900 1312 aliud
923 1286 1061 1323 amare,
1087 1274 1187 1314 aliud
1207 1275 1417 1329 intelligere

209 1342 322 1385 atque
339 1333 438 1373 aliud
459 1336 569 1377 uelle.
593 1341 711 1377 Docet
731 1337 808 1385 ille,
829 1351 903 1378 non
924 1338 1080 1388 inficior,
1093 1339 1182 1392 quid
1198 1349 1254 1380 est
1273 1340 1414 1392 uirtus;

211 1407 248 1438 at
269 1398 442 1439 stimulos
464 1413 508 1440 ac
532 1401 728 1441 uerborum
749 1402 862 1450 faces,
885 1403 1021 1456 quibus
1040 1405 1086 1443 ad
1107 1417 1271 1444 amorem
1294 1405 1414 1445 uirtu-

210 1462 257 1502 tis
282 1463 440 1516 uitijque
459 1465 585 1505 odium
619 1480 723 1507 mens
749 1479 900 1521 urgetur
927 1478 1040 1521 atque
1058 1469 1280 1518 incenditur,
1305 1470 1418 1510 lectio

208 1527 270 1567 illa
292 1529 350 1568 uel
373 1542 447 1569 non
469 1530 593 1580 habet,
617 1533 674 1572 uel
695 1533 944 1584 paucissimos
962 1534 1072 1574 habet
1089 1536 1144 1586 (21
1161 1536 1207 1586 ι).
1230 1540 1331 1590 Qos
1349 1534 1416 1587 qui

208 1593 343 1644 querit,
367 1595 465 1646 apud
483 1605 646 1646 nostros,
670 1598 847 1650 precipue
872 1600 1085 1639 Ciceronem
1096 1608 1209 1652 atque
1227 1606 1413 1650 Anneum‚

208 1657 387 1707 inueniet,
424 1669 474 1708 et,
494 1660 592 1712 quod
615 1661 699 1713 quis
720 1663 928 1713 mirabitur,
942 1664 1040 1716 apud
1059 1665 1248 1713 Flaccum,
1262 1659 1412 1717 poetam

207 1723 359 1774 quidem
372 1724 495 1764 stilo**
514 1725 717 1778 hispidum,
735 1728 798 1766 sed
811 1728 1005 1780 sententiis
1016 1728 1297 1781 periocundum.
1314 1730 1411 1785 Qid

206 1787 387 1839 profuerit
412 1800 536 1830 autem
571 1804 682 1831 nosse
717 1791 805 1844 quid
839 1803 895 1833 est
933 1793 1064 1843 uirtus,
1098 1794 1128 1834 si
1158 1794 1308 1848 cognita
1338 1808 1414 1835 non

205 1854 380 1893 ametur?
402 1855 457 1893 Ad
484 1855 573 1907 quid
604 1857 747 1908 peccati
769 1858 900 1898 notitia
927 1858 1043 1908 utilis,
1070 1859 1100 1898 si
1125 1859 1317 1913 cognitum
1337 1874 1414 1900 non

207 1917 403 1958 horretur?
434 1924 511 1960 Imo
540 1920 677 1972 hercle,
701 1922 731 1961 si
761 1923 934 1963 uoluntas
956 1936 1070 1975 praua
1096 1933 1164 1967 est,
1189 1934 1312 1976 potest
1333 1926 1411 1965 uir·-

205 1992 325 2022 tutum
365 1983 565 2025 difficultas
604 1995 641 2025 et
685 1987 859 2027 uitiorum
893 1987 1110 2028 illecebrosa
1144 1988 1318 2040 facilitas,
1348 1990 1410 2030 ubi

203 2047 420 2098 innotuerit,
444 2049 481 2089 in
501 2050 664 2102 peiorem
692 2062 833 2104 partem
868 2052 1014 2106 pigrum
1038 2063 1304 2107 nutantemque
1326 2054 1410 2094 ani-

244 2207 258 2221 *
281 2207 332 2243 Ici,
358 2208 385 2238 le
404 2208 490 2249 signe
509 2208 575 2249 deja
596 2209 733 2250 indique.

244 2254 272 2269 *³
295 2255 356 2285 Fol.
380 2264 414 2295 25
441 2263 477 2286 r0.
