1494 2600
661 184 872 222 -13-

166 285 265 310 mare
305 271 449 310 animos
489 271 621 323 potes?
661 271 776 312 Multa
816 282 968 324 experto
1008 273 1077 313 hoc
1122 273 1207 312 mali
1251 287 1369 326 genus

164 337 396 388 inexpertum
418 335 596 375 hactenus
617 349 714 376 nunc
734 336 893 388 primum
910 336 1021 377 michi
1043 351 1122 377 mea
1135 351 1215 378 sors
1235 338 1365 388 obicit,

164 400 329 440 omnium
346 401 363 419 *
380 400 643 453 grauissimum
668 401 959 454 pessimumque.
982 407 1077 441 Nam
1093 415 1177 442 cum
1199 402 1368 443 hostibus

163 468 385 518 congressus
418 478 505 517 sepe
537 465 716 518 prosperi,
742 466 877 515 dulcis,
904 477 943 507 ut
974 467 1198 519 quibusdam
1228 468 1365 520 placet,

163 532 216 570 ira
246 540 315 579 est,
342 530 462 570 dulcis
485 529 652 582 profecto
679 530 836 571 uictoria
855 546 863 581 ;
885 544 969 571 cum
1005 532 1136 571 amicis
1165 532 1368 572 decertanti

162 605 200 636 et
219 596 366 635 uincere
389 605 425 635 et
448 595 547 634 uinci
569 596 744 635 miserum
772 597 864 648 (19).
891 597 1001 636 Michi
1026 610 1114 636 uero
1136 609 1257 649 neque
1282 610 1367 637 cum

159 660 291 700 amicis
316 660 440 707 modo,
464 673 584 712 neque
604 673 687 700 cum
710 661 893 709 hostibus,
917 662 980 701 sed
1005 674 1089 701 cum
1116 661 1259 701 inuidia
1283 662 1364 702 bel-

160 726 235 765 lum
246 730 410 765 estsNon
420 738 540 764 nouus
550 725 681 774 hostis,
696 725 781 765 licet
795 725 985 765 insolitum
1002 739 1126 779 pugne
1140 739 1257 779 genus
1270 727 1366 778 (20);

161 790 370 842 pharetrata
390 789 465 829 fere
483 789 633 841 quidem
649 789 685 829 in
698 790 816 829 aciem
834 790 1041 839 descendit,
1062 791 1210 844 sagittis
1228 804 1363 844 aggre-

159 855 272 904 ditur,
295 868 315 894 e
336 854 540 907 longinquo
563 854 646 894 ferit
667 857 759 906 (zil.
786 860 866 895 Hoc
886 855 972 895 boni
995 855 1118 904 habet,
1142 868 1229 895 ceca
1242 867 1311 904 est,
1328 866 1369 896 ut

160 930 195 960 et
218 919 327 959 facile
349 919 568 968 declinetur,
592 920 622 959 si
644 920 793 972 prouisa
814 920 877 969 sit,
900 929 937 960 et
961 920 1040 959 sine
1059 920 1204 961 delectu
1229 921 1369 961 iaciens

159 998 247 1037 sepe
283 998 369 1024 suos
405 985 589 1027 uulneret.
624 990 704 1025 Hoc
741 984 851 1024 michi
884 997 982 1024 nunc
1021 995 1227 1026 monstrum
1266 986 1368 1025 salua

160 1050 324 1089 amicitia
343 1049 652 1103 transfigendum.
689 1055 836 1102 Anceps
857 1063 944 1089 sane
973 1050 1162 1103 negotium
1181 1063 1200 1090 e
1223 1050 1370 1091 duobus

161 1114 320 1154 inuicem
356 1128 396 1154 se
419 1115 639 1166 complexis,
666 1115 771 1154 illeso
804 1116 935 1164 altero,
957 1115 1113 1155 alterum
1155 1114 1366 1157 confodere.

162 1183 294 1228 Tenes,
319 1189 425 1231 puto,
457 1179 650 1230 memoria,
672 1189 712 1219 ut
734 1180 833 1231 apud
868 1179 1131 1219 Alexandriam
1157 1185 1267 1220 Cesar
1289 1180 1368 1220 ino-

159 1244 247 1296 pino
289 1249 405 1283 Marte
446 1244 683 1284 circumfluus
726 1244 988 1284 ptholomeum
1013 1257 1135 1298 regem
1172 1257 1297 1285 secum
1331 1245 1370 1284 in

159 1322 289 1348 omnes
311 1309 396 1348 belii
419 1321 527 1348 casus
548 1309 674 1356 trahit,
697 1322 743 1348 ne
764 1309 845 1349 sine
864 1309 929 1349 illo
949 1319 1100 1361 perea13
1124 1323 1198 1362 que
1219 1323 1276 1350 res
1296 1310 1368 1352 sibi

158 1387 233 1413 non
251 1373 385 1426 exigua
411 1373 607 1423 euadendi,
633 1383 673 1414 ut
700 1373 876 1423 creditur,
897 1386 1008 1414 causa
1035 1373 1120 1424 fuit,
1142 1374 1241 1427 quod
1266 1375 1368 1414 illum

159 1437 302 1478 scilicet
325 1448 499 1486 mactare,
523 1437 710 1490 simulque
733 1438 832 1478 hunc
855 1451 1004 1478 seruare
1023 1437 1175 1479 difficile
1195 1439 1364 1480 censuis-

157 1513 239 1543 sent
261 1503 323 1555 qui
352 1503 456 1543 illum
478 1503 653 1543 oderant:
681 1503 779 1543 hunc
792 1503 968 1544 amabant
985 1505 1079 1554 (22).
1101 1508 1179 1544 Nec
1193 1504 1244 1553 id,
1261 1514 1366 1557 puto,

156 1567 309 1617 excidit,
333 1577 373 1607 ut
392 1567 453 1607 die
485 1568 549 1607 illo
579 1581 654 1619 quo
674 1572 869 1608 Persarum
900 1581 1055 1621 regnum
1093 1570 1269 1609 Hortanis
1299 1569 1369 1609 uiri

157 1633 350 1684 prudentis
381 1631 532 1686 ingenio
571 1642 607 1672 et
650 1641 791 1684 septem
830 1633 993 1672 uirorum
1039 1632 1190 1673 fortium
1232 1633 1370 1674 uirtute

155 1697 280 1736 seruili
303 1697 499 1750 tyrannide
522 1696 719 1737 liberatum
741 1707 814 1748 est,
837 1697 1021 1749 Gophirus
1053 1711 1148 1738 unus
1169 1711 1213 1738 ex
1237 1698 1367 1739 coniu-

154 1762 256 1807 ratis,
278 1761 384 1802 fusco
405 1762 441 1801 in
461 1763 544 1801 loco
565 1772 805 1815 tyrannorum
825 1763 983 1802 alterum
1008 1763 1219 1816 amplexus,
1241 1764 1366 1804 socios

154 1837 194 1867 ut
217 1828 274 1866 uel
299 1840 364 1879 per
386 1840 493 1866 suum
533 1840 668 1878 corpus
690 1827 793 1866 illum
832 1826 967 1868 feriant
999 1827 1182 1876 hortatur,
1206 1842 1254 1868 ne
1282 1841 1369 1881 par-

153 1892 272 1931 cendo
292 1892 362 1931 sibi
381 1892 443 1931 ille
465 1891 590 1931 forsan
613 1892 784 1932 euaderet
812 1894 904 1943 (23l.
937 1897 980 1933 Et
1002 1892 1112 1933 michi
1133 1906 1232 1933 nunc
1258 1893 1371 1947 igitur

153 1967 281 1997 sancta
301 1958 436 1997 clamat
464 1956 644 2005 amicitia,
668 1966 708 1997 ut
728 1957 791 1996 uel
820 1970 886 2009 per
908 1970 1016 1997 suum
1053 1957 1149 1998 latus
1185 1958 1260 1999 stili
1289 1958 1371 1998 acie

154 2021 309 2074 impium
332 2021 460 2061 feriam
483 2022 652 2070 liuorem,
675 2035 785 2074 quem
807 2022 887 2074 ipsa
907 2035 980 2062 non
1005 2023 1110 2075 equis
1133 2023 1368 2076 amplexibus

151 2086 235 2126 sinu
250 2086 367 2127 fouet.
388 2091 527 2126 Durum
544 2087 637 2126 inter
652 2097 796 2127 restam
814 2087 1007 2127 iunctas**
1023 2087 1136 2128 tantis
1156 2087 1368 2128 intenebris

196 2176 210 2190 *
231 2176 294 2206 Fol.
323 2185 329 2206 ι
357 2178 400 2205 v⁰.

193 2223 222 2237 *³
246 2222 310 2253 Fol.
336 2231 351 2252 2
374 2227 411 2253 r⁰.
