1494 2600
0 0 38 392 l

142 301 294 354 cipuum
318 311 578 342 ornamentum
590 301 620 342 *.
646 305 727 355 Que
747 313 831 341 cum
851 300 900 340 ita
918 299 1006 348 sint,
1024 312 1098 339 non
1119 307 1175 338 est
1193 297 1347 338 forsitan

138 366 195 407 his
221 366 456 419 philosophis
486 366 641 415 nostris,
673 366 741 406 etsi
769 379 843 405 non
874 364 948 405 sint
985 364 1105 413 Greci,
1134 364 1180 404 de
1212 364 1349 404 uirtute

138 431 332 483 presertim
357 431 520 480 credere,
549 440 589 470 ut
611 430 751 470 iudices
775 429 846 469 mei
871 438 1018 481 putant,
1043 428 1347 481 reprehensibile.

138 500 182 535 Et
219 495 418 548 siquidem.
455 496 512 535 uel
547 496 614 536 hos
650 496 752 547 ipsos
791 495 848 535 uel
887 507 1008 533 meum
1045 493 1140 534 forte
1169 493 1347 534 iudicium

136 570 300 610 secutus,
315 560 390 600 dixi
405 560 562 612 aliquid,
577 560 750 612 quamuis
769 559 979 599 Aristotiles
1000 559 1152 599 aliter**
1171 559 1345 599 autaliud

135 624 285 674 dixerit,
308 638 384 665 non
407 624 491 664 ideo
512 625 611 677 apud
636 625 806 678 equiores
837 637 956 663 rerum
990 624 1131 664 iudices
1158 624 1227 664 sim
1250 623 1346 663 infa-

134 690 219 733 mis.
242 695 362 730 Notus
383 690 480 730 enim
503 703 583 730 mos
603 690 869 738 aristotelicus,
895 690 933 729 in
954 689 1109 729 Thimeo
1131 689 1299 729 Platonis
1325 702 1346 728 a

134 755 299 795 calcidio
320 768 518 807 expressus
543 756 666 807 (216l1
696 769 715 793 <‹
731 755 813 802 Hic,
828 755 1047 806 inquit,suo
1059 755 1221 807 quodam
1243 767 1345 794 more

132 819 231 872 pleni
247 819 476 872 perfectique
489 820 676 873 dogmatis
686 819 740 838 ***
753 820 872 859 electo
886 820 986 871 quod
1008 819 1130 859 uisum
1146 820 1206 866 sit,
1221 829 1343 859 cetera

131 884 326 925 fastidiosa
351 885 492 925 incuria
514 884 671 939 negligit
699 883 1040 938 ».Siabilloigitur
1058 883 1264 924 fastiditum
1282 895 1347 925 aut

131 948 342 1000 neglectum
362 947 501 1000 aliquid
533 946 624 995 dixi,
649 948 705 987 uel
737 960 811 986 non
835 945 989 987 forsitan
1019 947 1240 1000 cogitatum,
1264 946 1344 987 fieri

131 1012 229 1051 enim
253 1021 390 1064 potest,
416 1025 485 1052 nec
508 1011 667 1051 humane
686 1012 879 1051 dissonum
897 1020 954 1051 est
979 1021 1122 1060 nature,
1148 1012 1337 1064 quamuis,

132 1075 162 1115 si
195 1076 263 1116 hos
297 1076 500 1128 sequimur,
525 1090 594 1117 nec
616 1089 823 1117 consonum
851 1076 919 1115 uiri
940 1075 1052 1119 fame.
1087 1076 1123 1116 Si
1151 1076 1222 1117 hoc
1244 1076 1336 1126 dixi,

131 1140 308 1194 quicquid
342 1141 378 1180 id
405 1151 475 1190 est,
504 1155 625 1194 neque
646 1141 744 1182 enim
781 1141 871 1181 satis
903 1141 992 1193 quid
1029 1141 1078 1182 sit
1107 1141 1198 1182 illud
1236 1143 1339 1191 noui,

132 1219 253 1258 neque
292 1205 328 1245 hi
368 1206 458 1246 satis
497 1207 656 1261 ingenue
688 1206 786 1246 ueris
824 1220 884 1246 me
913 1206 1099 1259 certisque
1121 1206 1340 1247 criminibus
1371 1222 1374 1226 ’

132 1270 330 1324 impetunt,
354 1271 418 1311 sed
439 1271 712 1324 suspitionibus
739 1284 783 1311 ac
801 1271 975 1312 susurris.
1002 1276 1128 1311 Hecne
1155 1271 1343 1312 sufficiens

129 1348 241 1375 causa
261 1345 333 1385 est,
354 1349 427 1388 qua
454 1336 628 1377 fluctibus
664 1337 717 1376 sic
750 1337 942 1390 demergar
975 1337 1199 1390 ignorantie,
1228 1347 1270 1377 ut
1305 1337 1343 1377 in

131 1413 205 1440 uno
235 1413 374 1449 errans,
403 1400 441 1440 in
469 1413 544 1453 quo
577 1400 660 1453 ipso
698 1414 866 1453 possum,
908 1400 965 1441 his
1003 1401 1226 1451 errantibus,
1267 1415 1343 1442 non

129 1477 283 1515 errasse,
309 1464 431 1506 factus
457 1466 527 1505 sim
557 1466 725 1506 omnium
753 1480 850 1516 reus,
873 1476 910 1506 et
935 1466 972 1506 in
999 1466 1174 1507 omnibus
1196 1480 1344 1520 semper

131 1542 251 1569 errare
269 1531 396 1582 nilque
415 1532 582 1570 omnium
605 1531 699 1571 scire
720 1531 954 1572 damnandus
975 1531 1072 1571 sim?

181 1594 279 1650 Qid
298 1595 413 1648 ergo?
432 1595 533 1636 dicat
554 1596 705 1648 aliquis.
731 1601 786 1636 An
805 1606 841 1637 et
873 1606 912 1637 tu
942 1606 1074 1637 contra
1108 1597 1338 1637 Aristotilem

130 1660 243 1700 mutis
259 1662 360 1710 (217)
382 1660 396 1700 ?
432 1665 568 1700 Contra
593 1661 823 1701 Aristotilem
844 1661 977 1710 nichil,
1002 1662 1065 1702 sed
1085 1675 1152 1713 pro
1183 1662 1339 1702 ueritate

129 1724 285 1776 aliquid,
299 1737 410 1778 quam
430 1725 515 1765 licet
535 1725 712 1777 ignorans
731 1739 833 1778 amo,
847 1737 883 1767 et
901 1736 1028 1767 contra
1046 1727 1179 1767 stultos
1195 1727 1341 1767 Aristo-

131 1790 263 1830 telicos
281 1789 383 1838 (2181
406 1791 521 1830 multa
543 1791 712 1842 quotidie
734 1791 769 1831 in
794 1790 952 1845 singulis
974 1791 1336 1832 uerbisAristotilem

132 1853 378 1904 inculcantes,
400 1855 480 1905 solo
493 1855 569 1899 sibi
593 1856 743 1896 nomine
762 1857 971 1910 cognitum,
995 1869 1113 1909 usque
1133 1856 1179 1896 ad
1204 1857 1336 1909 ipsius,

131 1928 171 1959 ut
181 1931 356 1972 auguror,
368 1919 675 1973 audientiumque
694 1920 981 1970 fastidiummfi
998 1931 1036 1962 et
1058 1935 1246 1962 sermones
1259 1922 1338 1962 eius

171 2031 185 2046 ⁸²
207 2031 299 2071 Apres
315 2036 523 2072 ornamentum,
545 2033 571 2064 le
588 2033 674 2074 signe
692 2033 758 2072 de‘ja
774 2033 870 2065 releve
891 2034 1041 2074 plusieurs
1062 2035 1131 2065 sois.

171 2078 199 2093 *²*
220 2082 258 2109 Le
274 2085 335 2110 mot
354 2079 442 2110 aliter
461 2086 506 2110 est
531 2079 605 2111 ecrit
630 2080 705 2111 dans
729 2081 756 2111 la
783 2090 885 2122 marge
904 2080 941 2112 de
957 2081 1067 2119 droite,
1090 2082 1164 2113 mais
1181 2081 1341 2113 immedia-

131 2131 242 2156 tement
264 2124 280 2155 ὲ
304 2126 331 2156 la
350 2125 429 2157 suite
448 2126 489 2157 du
509 2134 571 2158 mot
591 2128 766 2158 Aristotiles.

172 2172 215 2188 Μ
245 2172 412 2213 Petrarque
440 2174 522 2205 avait
552 2174 606 2205 mis
635 2174 673 2205 ici
699 2185 738 2206 un
760 2175 846 2215 point
865 2175 939 2216 qu'il
964 2185 980 2207 a
1007 2176 1073 2208 biffe'
1097 2186 1151 2217 par
1171 2187 1230 2208 une
1252 2178 1336 2208 barre

133 2219 286 2251 verticale.

174 2266 231 2282 Μ
251 2267 313 2298 Fol.
334 2266 373 2297 26
393 2275 434 2299 νο.
