1494 2600
725 229 777 267 ’-
808 250 827 277 2
837 251 855 278 2
885 262 936 267 -

222 325 362 365 iudicio
385 326 613 365 literatorum
635 325 827 365 hominum
848 325 1047 366 diffinitum
1070 336 1140 374 est,
1157 339 1269 379 quam
1291 328 1434 368 ueraci-

221 400 276 429 ter
295 403 368 429 non
390 390 518 430 laboro
540 391 651 441 (4ol*.
667 395 799 443 Neque
809 391 906 430 enim
929 392 1054 445 magni
1074 391 1172 431 facio
1195 392 1296 444 quod
1320 392 1430 433 michi

221 454 389 506 eripitur,
424 455 534 494 modo
568 455 668 508 quod
707 456 923 496 conceditur
951 470 1078 495 uerum
1108 465 1221 498 esset.
1254 456 1429 509 cupidis-

221 518 313 557 sime
334 532 417 558 cum
448 520 504 559 his
540 519 715 560 fratribus
747 521 839 560 meis
873 531 1004 561 nature
1039 521 1203 573 parentis
1237 534 1282 561 ac
1312 522 1454 575 gratie,

221 583 367 623 celestis
391 584 630 624 hereditatem
663 585 717 625 sic
746 585 914 638 partirer,
938 595 979 626 ut
1005 585 1078 637 ipsi
1107 585 1260 638 quidem
1296 586 1429 627 literati

220 661 362 697 omnes,
397 662 467 702 ego
502 659 624 689 autem
660 650 780 690 bonus
815 663 947 690 essem.
995 650 1200 691 Literarum
1239 662 1330 691 uero
1368 653 1426 691 uel

220 712 347 762 nichil,
371 715 427 753 uel
470 727 544 754 non
567 715 638 754 nisi
673 726 853 767 quantum
883 715 1111 767 quotidianis
1142 715 1208 755 Dei
1253 716 1429 757 laudibus

221 788 445 829 oportunum
467 779 571 819 est**
585 780 787 821 nouissem.
809 780 878 819 Sed
903 780 997 819 heu!
1022 793 1151 820 uereor
1172 793 1219 820 ne
1238 790 1275 821 et
1294 780 1433 821 humile

222 855 280 881 me
298 842 492 883 frustretur
515 854 643 884 uotum
680 853 716 884 et
736 845 896 896 superba
927 844 1012 884 illos
1031 844 1174 896 opinio.
1199 846 1273 897 Ipsi
1302 855 1429 886 autem

221 906 364 958 mitem,
388 908 495 947 bonis
515 909 679 948 moribus
709 919 745 950 et
769 911 883 950 multa
911 923 970 949 me
988 918 1159 950 asserunt
1182 910 1428 951 amicitiarum

221 971 314 1022 fide3
339 973 376 1012 in
400 986 474 1025 quo
493 973 644 1026 quidem
666 974 811 1023 ultimo,
831 974 902 1014 nisi
917 987 987 1027 ego
1007 973 1129 1023 fallor,
1145 987 1222 1014 non
1237 974 1426 1018 falluntur.

223 1040 390 1076 Ceterum
414 1051 456 1077 ea
476 1049 532 1079 est
559 1052 671 1079 causa
691 1052 756 1079 cur
782 1053 840 1079 me
857 1039 894 1078 in
912 1039 1044 1079 amicis
1074 1039 1249 1088 habeant,
1275 1053 1350 1080 non
1373 1041 1427 1080 in-
1486 1070 1490 1075 .

219 1101 370 1154 genium
391 1104 522 1151 ullum,
545 1117 620 1143 non
640 1103 835 1153 industria,
858 1117 934 1144 non
954 1103 1137 1154 doctrina,
1162 1117 1237 1144 non
1261 1105 1426 1145 studium

222 1167 458 1208 honestarum
480 1169 614 1208 artium
629 1178 694 1208 aut
714 1182 800 1221 spes
821 1169 898 1208 ueri
923 1181 969 1208 ex
989 1182 1048 1208 me
1068 1182 1231 1221 unquam
1252 1169 1426 1210 audiendi

219 1230 477 1284 discendique.
501 1238 552 1273 lta
574 1234 685 1285 plane
708 1247 752 1273 eo
769 1233 943 1282 reditum,
957 1234 1059 1286 quod
1075 1234 1122 1273 de
1137 1234 1335 1274 Ambrosio
1357 1248 1428 1275 suo

220 1306 345 1337 narrat
357 1298 588 1351 Augustinus
606 1299 724 1349 (41):«
742 1302 888 1349 Amare,
903 1298 1038 1351 inquit,
1054 1311 1138 1338 eum
1150 1299 1246 1351 cepi,
1261 1312 1336 1339 non
1346 1308 1428 1339 tan-

219 1373 330 1412 quam
351 1361 541 1402 doctorem
563 1363 656 1412 ueri,
679 1363 743 1403 sed
762 1373 939 1415 tanquam
965 1363 1154 1403 hominem
1177 1363 1427 1417 benignumin

220 1438 279 1465 me
299 1439 319 1464 ›>
340 1441 349 1476 3
370 1439 434 1466 seu
448 1428 547 1478 quod
569 1427 615 1466 de
636 1427 795 1479 Epicuro
818 1427 930 1468 sentit
945 1427 1073 1468 Cicero
1097 1429 1190 1479 (42),
1212 1429 1320 1468 cuius
1342 1442 1426 1469 curn

221 1491 347 1530 multis
383 1492 424 1531 in
463 1491 555 1531 locis
594 1505 714 1532 mores
746 1498 869 1544 atque
896 1493 1060 1532 animum
1099 1492 1246 1544 probet,
1288 1492 1428 1546 ubique

219 1555 371 1596 damnat
389 1555 577 1609 ingenium
598 1569 643 1596 ac
662 1556 870 1597 doctrinam
894 1557 1050 1608 respuit.

274 1620 418 1674 Quibus
441 1622 487 1660 ad
515 1621 614 1661 hunc
635 1622 787 1661 modum
819 1635 902 1662 sese
924 1621 1163 1671 habentibus,
1192 1622 1282 1675 quid
1313 1622 1423 1664 michi

219 1684 409 1726 inuideant
441 1685 603 1726 dubitari
630 1696 769 1739 potest,
803 1700 887 1727 cum
922 1686 1090 1727 inuidere
1115 1686 1256 1740 aliquid
1279 1701 1354 1727 non
1376 1687 1425 1729 sit

217 1750 397 1802 dubium;
430 1764 552 1804 neque
591 1751 689 1790 enim
733 1751 829 1792 bene
870 1751 1122 1801 dissimulant,
1156 1765 1226 1792 nec
1269 1753 1424 1793 internis

217 1815 343 1867 pulsas
386 1815 546 1856 stimulis
591 1816 737 1870 linguas
772 1816 949 1868 frenant;
982 1817 1082 1869 quod
1115 1817 1154 1857 in
1192 1817 1420 1868 hominibus,

215 1879 381 1932 alioquin
401 1893 475 1920 non
494 1881 769 1933 incompositis,
790 1894 859 1922 nec
878 1881 1046 1931 insulsis,
1073 1881 1163 1935 quid
1179 1882 1251 1922 nisi
1270 1882 1423 1923 euidens

215 1943 401 1994 passionis
437 1944 617 1985 indomite
649 1944 797 1998 signum
833 1945 915 1986 est?
952 1946 1063 2000 Quod
1101 1945 1132 1987 si
1165 1945 1348 1996 inuident,
1382 1956 1423 1987 ut

214 2007 368 2059 faciunt,
401 2022 470 2049 nec
509 2009 609 2062 quod
651 2009 844 2051 inuideant
884 2020 941 2051 est
974 2010 1092 2060 aliud,
1136 2011 1266 2063 utique
1306 2011 1423 2052 latens

213 2073 315 2113 uirus
357 2087 423 2125 per
454 2087 494 2113 se
525 2074 647 2127 ipsum
690 2075 881 2127 panditur.
917 2079 1039 2116 Unum
1075 2075 1174 2115 enim
1210 2075 1283 2116 hoc
1313 2074 1454 2131 inanel

251 2231 264 2245 ‘
283 2232 344 2262 Fol.
368 2240 381 2272 3
403 2236 444 2262 v⁰.

250 2278 278 2294 '¹‘
295 2282 353 2310 Sur
370 2289 409 2310 un
427 2287 578 2321 grattage.
