1494 2600
591 164 808 203 „40-

90 240 164 280 nisi
193 253 239 280 an
269 240 331 280 ille
360 240 528 280 dixisset.
565 241 630 280 Ille
654 250 777 281 autem
806 250 885 281 erat
914 240 1151 294 pithagoras,
1180 250 1222 282 ut
1248 241 1304 282 ait

95 304 223 344 Cicero
238 306 265 355 (1
283 318 291 344 1
309 306 355 355 3).
375 309 452 357 Ego
470 317 558 344 uero
573 318 747 358 magnum
761 305 960 357 quemdam
975 305 1095 345 uirum
1109 317 1155 346 ac
1170 306 1299 346 multi-

95 369 212 409 scium
235 369 478 418 Aristotilem,
493 369 557 409 sed
581 369 697 410 fuisse
715 369 917 420 hominem,
943 379 980 410 et
999 369 1139 410 idcirco
1159 369 1307 422 aliqua‚

94 433 170 473 imo
190 443 226 474 et
245 435 361 473 multa
377 434 524 473 nescire
542 434 710 486 potuisse
727 434 908 484 arbitror;
931 435 1015 487 plus
1032 435 1169 484 dicam,
1189 434 1219 474 si
1237 447 1307 487 per

96 498 187 537 istos
208 498 317 538 liceat
337 511 412 538 non
436 508 511 538 tam
532 499 608 538 ueri
634 499 775 539 amicos
801 512 913 551 quam
947 509 1146 541 sectarum.
1185 500 1306 540 Credo

97 562 232 611 hercle,
265 575 333 602 nec
364 563 510 614 dubito,
541 564 645 604 illum
675 577 750 604 non
778 563 816 603 in
848 564 957 604 rebus
986 573 1130 604 tantum
1160 563 1302 617 paruis,

96 640 253 679 quarum
286 641 425 679 paruus
453 638 488 668 et
523 628 677 668 minime
702 629 934 681 periculosus
964 638 1021 669 est
1046 641 1159 678 error,
1182 629 1247 669 sed
1268 628 1308 669 in

98 692 269 732 maximis
301 692 364 732 et*
395 693 652 745 spectantibus
679 693 725 732 ad
756 693 887 733 salutis
913 706 1096 733 summam
1115 693 1311 733 aberrasse

98 766 190 807 tota,
211 767 251 797 ut
270 758 389 808 aiunt,
411 758 487 800 uia.
510 762 554 798 Et
574 757 658 798 licet
679 759 798 798 multa
823 757 1036 798 Ethicorum
1064 759 1102 797 in
1122 757 1311 810 principio

98 831 135 861 et
153 822 190 861 in
213 821 286 862 fine
305 823 352 862 de
371 822 550 863 felicitate
567 823 799 872 tractauerit,
825 822 972 862 audebo
992 822 1131 872 dicere,
1146 823 1310 862 clament

99 896 139 927 ut
158 887 307 927 libuerit
323 900 495 927 censores
511 887 597 937 mei,
618 901 744 927 ueram
766 887 869 928 illum
887 886 1105 927 felicitatem
1126 886 1181 927 sic
1200 887 1312 939 peni-

99 961 159 992 tus
177 951 383 1005 ignorasse,
406 961 446 992 ut
471 952 509 991 in
529 952 608 992 eius
638 952 867 1006 cognitione,
893 965 968 992 non
997 951 1083 992 dico
1115 951 1306 1000 subtilior,

99 1016 163 1056 sed
186 1015 329 1056 felicior
347 1016 457 1057 fuerit
478 1018 535 1057 uel
555 1017 725 1070 quelibet
744 1030 837 1057 anus
859 1017 934 1069 pia,
969 1017 1027 1057 uel
1042 1016 1209 1069 piscator
1224 1029 1308 1069 pas-

99 1079 205 1121 torue
238 1081 374 1131 fidelis,
408 1083 466 1122 uel
499 1082 678 1135 agricola.
709 1086 793 1136 Quo
826 1081 945 1135 magis
980 1081 1092 1121 miror
1126 1081 1311 1134 quosdam

100 1155 311 1200 nostrorum
332 1156 531 1187 tractatum
546 1147 649 1187 illum
670 1146 938 1187 aristotelicum
955 1149 983 1198 (ι
1002 1147 1056 1197 14)
1081 1145 1135 1186 sic
1157 1145 1314 1185 miratos

100 1210 206 1262 quasi
224 1210 327 1250 nefas
347 1211 575 1261 censuerint,
598 1211 712 1263 idque
732 1211 881 1263 scriptis
901 1223 1051 1263 quoque
1072 1209 1198 1251 testati
1218 1209 1310 1259 sint,

100 1275 148 1314 de
165 1274 342 1316 felicitate
360 1276 502 1328 aliquid
532 1286 619 1328 post
646 1276 750 1316 illum
787 1276 904 1328 loqui,
927 1288 1012 1315 cum
1035 1274 1146 1315 michi
1166 1284 1310 1324 tamen,

99 1340 275 1380 audacter
306 1339 446 1392 forsan,
481 1341 551 1381 hoc
588 1341 760 1390 dixerim,
799 1340 879 1388 sed,
914 1339 952 1379 ni
987 1339 1108 1389 fallor,
1138 1352 1238 1389 uere,
1261 1348 1329 1397 gt*

100 1405 216 1444 solem
243 1415 394 1455 noctua,
418 1406 472 1446 sic
501 1406 564 1446 ille
589 1405 823 1455 felicitatem,
846 1405 917 1445 hoc
939 1414 996 1445 est
1019 1405 1138 1444 lucem
1159 1403 1238 1444 eius
1265 1415 1312 1443 ae

100 1469 238 1520 radios,
265 1471 328 1510 sed
353 1483 428 1510 non
448 1471 567 1523 ipsam
590 1470 731 1510 uidisse
751 1470 942 1520 uideatur;
964 1483 1100 1522 nempe
1121 1469 1185 1522 qui
1205 1468 1307 1509 illam

100 1547 175 1573 non
197 1533 274 1574 suis
298 1534 336 1573 in
358 1534 495 1575 finibus
523 1547 592 1575 nec
626 1534 758 1574 solidis
785 1536 822 1574 in
852 1534 962 1574 rebus
993 1533 1180 1575 edificium
1206 1534 1310 1573 uelut

100 1600 287 1639 excelsum
305 1601 434 1651 procul
448 1599 486 1639 in
506 1599 653 1640 hostico
673 1600 903 1651 tremulaque
921 1599 958 1639 in
975 1598 1062 1639 sede
1078 1597 1307 1646 fundauerit‚

99 1662 162 1703 illa
185 1676 273 1703 uero
293 1676 369 1703 non
388 1663 625 1713 intellexerit,
656 1663 736 1703 siue
767 1664 955 1704 intellecta
985 1662 1204 1717 neglexerit,
1227 1662 1312 1702 sine

99 1728 235 1779 quibus
266 1741 418 1780 prorsus
447 1742 529 1768 esse
561 1728 719 1769 felicitas
752 1742 831 1768 non
863 1738 1001 1781 potest,
1024 1727 1134 1768 fidem
1165 1726 1311 1768 scilicet

99 1802 213 1845 atque
231 1792 564 1843 immortalitatem,
583 1799 675 1846 quas
694 1793 743 1833 ab
762 1793 827 1833 illo
848 1794 906 1833 uel
927 1806 1002 1833 non
1021 1793 1232 1833 intellectas
1249 1794 1307 1833 uel

100 1859 289 1911 neglectas
312 1858 453 1898 dixisse
472 1858 544 1898 iam
579 1871 637 1898 me
669 1858 836 1910 penitet;
859 1858 1017 1898 alterum
1040 1857 1138 1897 enim
1165 1866 1310 1897 tantum

99 1921 222 1962 dicere
245 1922 372 1964 debui.
396 1927 481 1963 Non
504 1922 693 1963 intellecte
719 1932 838 1972 erant,
861 1935 930 1963 nec
961 1931 1118 1962 nouerat
1143 1933 1205 1962 eas
1230 1921 1311 1971 ille,

99 1999 168 2026 nec
191 2000 302 2027 nosse
325 1997 497 2040 potuerat
518 1997 583 2027 aut
605 2000 754 2040 sperare
776 1989 904 2040 (115);
922 1987 1087 2027 nondum
1107 1986 1205 2026 enim
1223 1999 1312 2026 uera

135 2193 150 2208 *
170 2195 232 2226 Fol.
262 2203 294 2237 ¹.²
317 2197 357 2227 r⁰.
