1494 2600
633 180 853 231 -56-

139 268 278 320 pudeat
295 266 437 315 audire,
461 279 507 306 ne
536 266 659 306 dicam
689 267 854 306 credere.
891 272 998 320 Rogo
1027 268 1142 316 enim,
1166 267 1251 319 quis
1281 267 1346 306 has

137 345 212 371 non
235 341 461 372 stomacetur
480 331 642 383 ineptias
656 330 773 385 ?Q1is
787 331 853 371 has
873 331 966 372 ferat
988 331 1195 385 ambages?
1213 334 1347 372 Omnia

137 409 212 436 non
235 409 398 436 errorum
429 396 555 445 modo,
579 396 642 435 sed
664 395 717 435 sic
737 396 902 435 inanium
924 396 1218 447 [somniorum]*
1238 397 1351 449 plena

136 461 302 513 undique
324 472 367 499 ac
396 459 527 500 referta
567 462 682 511 [sunt]
694 460 746 509 **,
780 470 820 500 ut
848 461 973 511 [mise]
985 460 1126 500 ***rear
1147 461 1347 511 interdum,

136 535 249 577 atque
269 525 455 578 [indigner
473 524 598 564 nobile
610 525 716 575 illud]
729 524 807 544 ****
818 525 1006 578 eloquium
1020 525 1059 565 in
1070 525 1126 565 his
1136 525 1232 546 *****
1243 526 1351 578 posi-

138 600 216 629 tum
231 599 266 629 et
277 599 540 642 consumptum
556 590 668 631 curis.
693 594 788 629 Nam
803 590 849 630 de
868 590 1019 642 reliquis
1036 600 1076 630 ut
1097 591 1201 632 libet.
1216 595 1354 644 Atque

141 654 353 703 circulatio,
385 655 469 706 quis
499 654 559 694 hic
582 655 706 703 ludus,
741 668 902 707 quenam
924 655 969 694 he
1002 654 1152 704 fabelle,
1183 655 1354 708 quinque

138 719 236 759 soles
261 719 395 767 facere,
424 732 508 758 cum
533 719 582 758 ab
606 731 649 758 eo
675 719 775 771 quod
809 720 912 759 solus
949 720 1086 768 luceat,
1124 721 1240 760 solem
1275 720 1351 760 dici

139 784 255 824 uelint
286 784 407 837 (166),
437 793 473 824 et
504 796 589 823 cum
610 784 734 836 plures
755 797 831 824 non
855 783 972 824 fuisse
991 784 1142 836 quidem
1164 797 1346 837 unquam,

140 848 202 888 sed
218 849 410 888 oculorum
428 848 521 888 uitio
540 847 722 897 fortassis,
734 858 798 888 aut
814 849 1022 888 animorum
1048 849 1352 890 consternatione

143 913 245 953 uisos
277 927 359 953 esse
392 926 658 965 nonnunquam
689 913 784 953 inter
812 914 985 967 prodigia
1010 924 1242 954 numeratum
1276 915 1357 955 sit?

144 982 244 1018 Pace
271 989 437 1019 ueterum
458 978 507 1018 sit
531 978 690 1029 dictum,
715 978 905 1018 Ciceronis
922 989 1010 1019 ante
1028 978 1123 1018 alios
1141 993 1151 1029 3
1172 991 1241 1019 nec
1258 980 1356 1019 scri-

144 1042 264 1082 benda
295 1043 362 1083 hec
382 1043 497 1083 fuisse
526 1055 674 1092 censeo,
708 1056 778 1083 nec
802 1044 957 1098 legenda
990 1056 1191 1092 censerem,
1217 1044 1355 1096 quibus

142 1108 422 1147 conscribendis
435 1108 497 1147 ille
515 1108 571 1147 uir
584 1117 710 1148 tantus
725 1108 991 1158 incubuit‚nisi
1002 1118 1043 1148 ut
1053 1109 1149 1148 lecte
1159 1117 1195 1148 et
1205 1108 1358 1161 cognite

143 1172 297 1211 deorum
313 1185 411 1226 nuge
429 1185 514 1212 uere
527 1172 736 1212 diuinitatis
750 1182 787 1212 et
806 1172 915 1212 unius
935 1173 1002 1212 Dei
1020 1186 1185 1212 amorem
1206 1182 1243 1213 et
1261 1185 1354 1213 con-

142 1247 216 1276 tem
222 1247 307 1289 ptus
316 1236 591 1290 superstitionis
600 1250 643 1276 ex
649 1247 765 1285 terne,
780 1247 905 1277 nostre
913 1237 1103 1290 religionis
1112 1237 1357 1278 reuerentiam

146 1301 349 1354 legentium
371 1301 506 1341 animis
523 1301 717 1343 excitaret.
741 1303 853 1342 Nullo
874 1302 972 1342 enim
990 1301 1126 1342 clarius
1141 1302 1252 1342 modo
1266 1316 1356 1342 una-

144 1379 292 1418 queque
308 1379 366 1406 res
381 1379 491 1419 quam
513 1365 697 1406 contrario
710 1366 860 1407 admota
877 1366 1136 1419 cognoscitur;
1157 1366 1210 1406 nil
1237 1367 1358 1421 magis

146 1430 345 1471 amabilem
366 1432 487 1471 lucem
510 1431 614 1482 facit,
635 1444 747 1483 quam
769 1431 898 1470 odium
921 1431 1173 1474 tenebrarum.

200 1501 280 1549 Qe
300 1496 330 1535 si
351 1496 398 1536 de
428 1495 606 1536 Cicerone
635 1509 719 1536 meo
751 1496 843 1545 dixi,
869 1509 979 1548 quem
1006 1497 1044 1536 in
1074 1497 1201 1537 multis
1227 1496 1352 1546 miror,

146 1560 235 1612 quid
268 1561 315 1600 de
345 1561 428 1611 alijs
467 1574 527 1600 me
563 1560 749 1601 dicturum
785 1561 940 1613 speras?
978 1561 1212 1614 Scripserunt
1250 1561 1356 1602 multi

147 1625 262 1665 multa
291 1625 492 1675 subtiliter,
524 1625 675 1678 quidam
718 1626 829 1666 etiam
867 1626 1043 1679 grauiter,
1077 1626 1248 1674 dulciter,
1279 1627 1354 1666 elo-

147 1699 304 1741 quenter
320 1704 328 1739 ;
347 1690 412 1729 sed
438 1690 475 1730 in
491 1690 562 1739 his,
585 1690 692 1742 quasi
716 1703 898 1730 uenenum
919 1690 957 1730 in
979 1691 1101 1739 melle,
1129 1691 1357 1731 miscuerunt

147 1754 306 1806 quedam
327 1753 436 1804 falsa,
458 1755 681 1806 periculosa,
704 1755 874 1804 ridicula,
893 1755 940 1794 de
962 1755 1099 1808 quibus
1128 1767 1227 1796 nunc
1246 1768 1360 1809 agere

148 1820 301 1873 longum
324 1819 435 1859 nimis
458 1830 495 1859 et
514 1819 771 1872 impertinens.
794 1825 925 1872 Neque
942 1813 1040 1859 enirn
1061 1820 1099 1860 in
1119 1819 1293 1860 omnibus
1314 1832 1357 1860 ea

150 1883 261 1923 michi
279 1883 469 1924 excusatio
482 1883 604 1934 fuerit,
620 1897 694 1936 que
707 1883 776 1924 fuit
795 1885 831 1924 in
845 1884 1022 1924 Cicerone
1034 1898 1044 1935 ;
1057 1897 1133 1925 non
1154 1884 1209 1925 sic
1223 1897 1356 1924 omnes

191 2032 205 2046 ‘¹
228 2035 265 2062 Le
290 2039 352 2062 mot
371 2038 453 2063 entre
471 2033 605 2063 crochets
625 2039 671 2063 est
689 2032 777 2063 recrit
796 2041 849 2063 sur
868 2042 907 2062 un
927 2038 1078 2073 grattage.

190 2078 218 2092 ²³*
247 2083 326 2110 Dans
353 2079 380 2109 la
401 2088 504 2119 marge
532 2079 569 2110 de
601 2079 710 2115 droite,
738 2088 811 2110 avec
841 2089 882 2109 un
911 2080 1000 2120 signe
1038 2079 1076 2109 de
1107 2078 1221 2110 renvoi.

190 2124 231 2139 ”²⁴¹
261 2130 314 2157 Les
347 2127 477 2167 syllabes
507 2133 591 2157 entre
617 2127 752 2157 crochets
780 2132 847 2156 sont
877 2125 987 2157 ecrites
1022 2135 1074 2157 sur
1113 2135 1154 2156 un
1187 2131 1337 2166 grattage.

190 2171 245 2186 sm*
269 2172 364 2203 Meme
380 2174 589 2204 observation.

188 2219 258 2234 Μ
275 2220 337 2250 Fol.
358 2229 393 2256 ¹9
410 2222 453 2251 v⁰.
