1494 2600
100 315 264 357 efficeret
300 326 380 357 toto
415 318 496 357 celo
523 317 605 356 luce
642 316 788 363 diffusa,
813 328 898 356 cum
936 325 1059 356 autem
1095 325 1210 356 terras
1241 329 1316 356 nox

104 391 317 434 opacasset,
335 392 413 422 tum
434 383 554 422 celum
572 381 720 422 totum*
733 389 899 421 cerneret
913 380 1024 421 astris
1042 380 1263 421 distinctum
1281 390 1317 420 et

105 455 292 495 ornatum,
322 447 481 500 luneque
511 447 692 486 luminum
727 446 945 486 uarietatem
981 455 1060 486 tum
1098 445 1313 502 crescentis,

109 520 186 551 tum
221 513 462 562 senescentis,
495 525 697 564 eorumque
732 511 896 551 omnium
936 520 1039 551 ortus
1075 520 1111 551 et
1146 523 1318 561 occasus,

105 585 220 628 atque
251 577 288 616 in
317 577 418 617 omni
457 578 655 617 eternitate
691 586 790 616 ratos
814 575 1142 628 immutabilesque
1167 588 1319 626 cursus·,

105 653 180 693 que
214 655 298 681 cum
337 642 494 691 uideret,
528 641 696 695 profecto
726 651 762 681 et
793 654 875 681 esse
907 642 1011 690 deos,
1035 650 1072 681 et
1115 641 1182 681 hec
1216 650 1320 681 tanta

108 709 263 746 deorum
283 720 395 759 opera
419 720 501 747 esse
519 707 772 748 arbitraretur.
796 721 816 745 »
844 711 965 759 Atque
981 706 1048 746 hec
1067 706 1218 758 quidem
1242 705 1317 754 ille,

110 770 321 812 Aristotiles
359 772 515 814 scilicet.
549 771 661 813 Cuius
700 772 910 824 exemplum
942 771 1043 823 quod
1082 770 1318 824 peregrinum

111 835 222 875 nimis
259 846 295 877 et
325 837 373 876 ab
403 837 631 889 experientia
663 846 848 877 semotum
878 836 1078 884 uideretur,
1113 834 1251 876 factam
1285 845 1321 875 et

111 913 186 940 non
217 901 339 942 fictam
361 915 436 942 rem
466 902 717 954 memorieque
735 901 942 954 proximam
964 900 1000 940 in
1022 900 1184 940 medium
1203 900 1320 939 dedu-

111 966 163 1006 cit
181 966 278 1006 idem
295 966 487 1007 Cicero**:
513 982 533 1006 «
556 972 600 1007 Et
620 980 687 1007 nos
707 977 831 1007 autem
849 968 968 1018 (145),
993 965 1128 1018 inquit,
1146 965 1320 1005 tenebras

113 1031 320 1084 cogitemus
343 1042 465 1072 tantas
487 1042 627 1085 quante
655 1032 844 1085 quondam
872 1030 1067 1084 eruptione
1098 1030 1322 1070 Ethneorum

111 1096 254 1150 ignium
293 1096 467 1137 finitimas
505 1097 675 1150 regiones
713 1097 935 1136 obscurasse
961 1096 1150 1144 dicuntur,
1184 1105 1225 1135 ut
1260 1108 1324 1147 per

116 1161 269 1201 biduum
290 1175 399 1202 nemo
419 1162 605 1202 hominem
625 1163 736 1202 homo
756 1171 990 1215 agnosceret,
1014 1174 1097 1201 cum
1119 1170 1243 1200 autem
1263 1160 1324 1199 die

115 1226 226 1267 tertio
243 1227 298 1266 sol
319 1227 517 1275 illuxisset,
535 1237 576 1267 ut
599 1227 780 1267 reuixisse
804 1227 874 1267 sibi
894 1225 1183 1268 uiderentur’m.
1210 1225 1319 1273 Quod

115 1291 146 1332 si
168 1292 238 1332 hoc
258 1292 356 1332 idem
378 1292 540 1332 externis
567 1292 802 1346 contingeret
821 1302 861 1332 ut
884 1291 1009 1332 subito
1034 1292 1152 1331 lucem
1177 1290 1324 1343 aspice-

116 1369 254 1406 remus,
282 1370 442 1409 quenam
478 1357 623 1410 species
654 1357 723 1397 celi
759 1356 968 1397 uideretur?
1002 1356 1071 1396 Sed
1107 1355 1328 1395 assiduitate

114 1421 332 1474 quotidiana
362 1431 398 1462 et
420 1422 691 1462 consuetudine
723 1423 915 1462 oculorum
945 1431 1166 1461 assuescunt
1194 1420 1324 1470 animi,

114 1499 235 1539 neque
251 1487 479 1527 admirantur
503 1501 622 1540 neque
642 1487 836 1540 requirunt
864 1487 1027 1527 rationes
1056 1499 1181 1525 earum
1207 1499 1326 1525 rerum

112 1564 208 1604 quas
228 1565 374 1604 semper
402 1553 543 1601 uident,
567 1552 721 1604 perinde
752 1552 858 1604 quasi
890 1551 1039 1591 nouitas
1073 1551 1191 1604 magis
1214 1564 1327 1602 quam

117 1616 335 1670 magnitudo
355 1630 475 1656 rerum
494 1617 629 1657 debeat
653 1617 699 1657 ad
722 1617 968 1669 exquirendas
991 1629 1124 1656 causas
1148 1615 1324 1657 excitare.

119 1681 211 1735 Qis
235 1680 333 1720 enirn
365 1681 463 1721 hunc
502 1682 688 1722 hominem
731 1682 880 1731 dixerit,
922 1681 985 1733 qui
1024 1694 1107 1720 cum
1150 1690 1226 1720 tam
1260 1680 1328 1720 celi

116 1755 240 1786 motus
263 1756 399 1794 certos,
423 1756 497 1787 tam
532 1757 631 1786 ratos
658 1756 843 1787 astrorum
872 1746 1035 1793 ordines,
1060 1755 1212 1798 tamque
1234 1745 1330 1785 inter

118 1823 157 1851 se
188 1811 311 1851 omnia
341 1824 508 1852 connexa
538 1822 574 1852 et
599 1821 686 1864 apta
723 1811 871 1859 uiderit,
894 1824 1016 1863 neque
1048 1811 1085 1850 in
1122 1810 1179 1849 his
1216 1811 1329 1849 ullam

116 1875 238 1916 inesse
251 1876 432 1916 rationem
450 1889 567 1928 eaque
587 1889 675 1916 casu
696 1876 773 1916 fieri
794 1876 993 1929 dicat,que
1012 1885 1154 1928 quanto
1172 1874 1330 1915 consilio

118 1949 304 1992 gerantur,
327 1941 431 1980 nullo
451 1940 574 1980 officio
587 1941 736 1993 assequi
756 1954 954 1994 possumus
973 1940 985 1980 ?
1007 1944 1062 1980 An
1081 1953 1165 1979 cum
1188 1939 1326 1979 machi-

159 2085 173 2100 *
194 2091 284 2118 totum
303 2094 346 2118 est
365 2087 438 2119 ecrit
458 2088 531 2119 dans
557 2089 583 2119 la
607 2098 706 2129 marge
730 2088 767 2120 de
795 2088 908 2127 droite;
929 2089 949 2119 il
971 2098 990 2129 y
1014 2097 1031 2119 a
1053 2098 1094 2119 un
1120 2089 1206 2128 signe
1226 2088 1331 2119 renvoi

122 2133 196 2164 dans
216 2135 243 2165 le
260 2140 348 2165 texte.
1018 2137 1022 2140 ”

159 2180 187 2196 **
210 2185 262 2212 Les
288 2189 364 2212 mots
383 2181 459 2213 idem
479 2183 578 2214 Cicero
595 2190 663 2214 sont
680 2183 768 2214 e'crits
788 2183 862 2214 dans
883 2184 909 2214 la
931 2192 1031 2223 marge
1053 2182 1090 2214 de
1103 2183 1233 2224 gauche‚
1259 2191 1333 2213 avec

121 2237 224 2259 renvoi
244 2238 283 2259 au
299 2235 389 2260 texte.

162 2274 204 2290 *⁸*
225 2276 286 2307 Fol.
311 2276 347 2307 16
370 2284 411 2308 νο.
