<?xml version="1.0" encoding="UTF-8"?>
<!DOCTYPE html PUBLIC "-//W3C//DTD XHTML 1.0 Transitional//EN"
    "http://www.w3.org/TR/xhtml1/DTD/xhtml1-transitional.dtd">
<html xmlns="http://www.w3.org/1999/xhtml" xml:lang="en" lang="en">
 <head>
  <title>
</title>
<meta http-equiv="Content-Type" content="text/html;charset=utf-8" />
  <meta name='ocr-system' content='tesseract 3.04.00' />
  <meta name='ocr-capabilities' content='ocr_page ocr_carea ocr_par ocr_line ocrx_word'/>
</head>
<body>
  <div class='ocr_page' id='page_1' title='image "./letraitdesuiip00petruoft/letraitdesuiip00petruoft_0055.png"; bbox 0 0 1494 2600; ppageno 0'>
   <div class='ocr_carea' id='block_1_1' title="bbox 88 268 1349 2014">
    <p class='ocr_par' dir='ltr' id='par_1_1' title="bbox 103 268 1322 1820">
     <span class='ocr_line' id='line_1_1' title="bbox 108 268 1322 326; baseline -0.007 -10"><span class='ocrx_word' id='word_1_1' title='bbox 108 276 172 316; x_wconf 90' lang='lat' dir='ltr'><strong>lux</strong></span> <span class='ocrx_word' id='word_1_2' title='bbox 189 274 296 316; x_wconf 87' lang='lat' dir='ltr'><strong>terris</strong></span> <span class='ocrx_word' id='word_1_3' title='bbox 313 274 497 322; x_wconf 84' lang='lat' dir='ltr'><strong>illuxerat,</strong></span> <span class='ocrx_word' id='word_1_4' title='bbox 508 285 581 326; x_wconf 89' lang='lat' dir='ltr'><strong>que</strong></span> <span class='ocrx_word' id='word_1_5' title='bbox 597 271 782 312; x_wconf 90' lang='lat' dir='ltr'><strong>illuminat</strong></span> <span class='ocrx_word' id='word_1_6' title='bbox 798 284 946 311; x_wconf 89' lang='lat' dir='ltr'><strong>omnem</strong></span> <span class='ocrx_word' id='word_1_7' title='bbox 959 270 1146 310; x_wconf 90' lang='lat' dir='ltr'><strong>hominem</strong></span> <span class='ocrx_word' id='word_1_8' title='bbox 1168 268 1322 309; x_wconf 81' lang='lat' dir='ltr'><strong>uenien-</strong></span> 
     </span>
     <span class='ocr_line' id='line_1_2' title="bbox 108 334 1318 391; baseline -0.005 -11"><span class='ocrx_word' id='word_1_9' title='bbox 108 350 182 380; x_wconf 88' lang='lat' dir='ltr'><strong>tem</strong></span> <span class='ocrx_word' id='word_1_10' title='bbox 206 339 243 380; x_wconf 90' lang='lat' dir='ltr'><strong>in</strong></span> <span class='ocrx_word' id='word_1_11' title='bbox 263 339 362 380; x_wconf 91' lang='lat' dir='ltr'><strong>hunc</strong></span> <span class='ocrx_word' id='word_1_12' title='bbox 382 338 576 380; x_wconf 92' lang='lat' dir='ltr'><strong>mundum.</strong></span> <span class='ocrx_word' id='word_1_13' title='bbox 597 337 805 391; x_wconf 80' lang='lat' dir='ltr'>Fingebam</span> <span class='ocrx_word' id='word_1_14' title='bbox 822 337 892 376; x_wconf 89' lang='lat' dir='ltr'>sibi</span> <span class='ocrx_word' id='word_1_15' title='bbox 914 336 977 376; x_wconf 90' lang='lat' dir='ltr'><strong>ille</strong></span> <span class='ocrx_word' id='word_1_16' title='bbox 995 345 1032 376; x_wconf 89' lang='lat' dir='ltr'><strong>et</strong></span> <span class='ocrx_word' id='word_1_17' title='bbox 1054 334 1185 388; x_wconf 86' lang='lat' dir='ltr'>reliqui</span> <span class='ocrx_word' id='word_1_18' title='bbox 1213 336 1241 386; x_wconf 88' lang='grc' dir='ltr'><strong>(ι</strong></span> <span class='ocrx_word' id='word_1_19' title='bbox 1259 335 1318 383; x_wconf 70' lang='lat'><strong>16&gt;</strong></span> 
     </span>
     <span class='ocr_line' id='line_1_3' title="bbox 107 399 1321 457; baseline -0.005 -12"><span class='ocrx_word' id='word_1_20' title='bbox 107 405 208 457; x_wconf 94' lang='lat' dir='ltr'><strong>quod</strong></span> <span class='ocrx_word' id='word_1_21' title='bbox 229 405 422 457; x_wconf 84' lang='lat' dir='ltr'><strong>optabant,</strong></span> <span class='ocrx_word' id='word_1_22' title='bbox 444 413 479 444; x_wconf 90' lang='lat' dir='ltr'><strong>et</strong></span> <span class='ocrx_word' id='word_1_23' title='bbox 501 403 602 456; x_wconf 91' lang='lat' dir='ltr'><strong>quod</strong></span> <span class='ocrx_word' id='word_1_24' title='bbox 629 402 846 442; x_wconf 86' lang='lat' dir='ltr'>naturaliter</span> <span class='ocrx_word' id='word_1_25' title='bbox 871 411 1003 454; x_wconf 86' lang='lat' dir='ltr'><strong>optant</strong></span> <span class='ocrx_word' id='word_1_26' title='bbox 1029 413 1172 450; x_wconf 90' lang='lat' dir='ltr'><strong>omnes,</strong></span> <span class='ocrx_word' id='word_1_27' title='bbox 1195 399 1321 439; x_wconf 87' lang='lat' dir='ltr'><strong>cuius-</strong></span> 
     </span>
     <span class='ocr_line' id='line_1_4' title="bbox 106 464 1317 521; baseline -0.004 -12"><span class='ocrx_word' id='word_1_28' title='bbox 106 482 181 521; x_wconf 91' lang='lat' dir='ltr'><strong>que</strong></span> <span class='ocrx_word' id='word_1_29' title='bbox 211 468 436 509; x_wconf 89' lang='lat' dir='ltr'><strong>contrarium</strong></span> <span class='ocrx_word' id='word_1_30' title='bbox 471 477 602 520; x_wconf 91' lang='lat' dir='ltr'><strong>optare</strong></span> <span class='ocrx_word' id='word_1_31' title='bbox 643 476 767 520; x_wconf 87' lang='lat' dir='ltr'><strong>potest</strong></span> <span class='ocrx_word' id='word_1_32' title='bbox 804 479 927 514; x_wconf 89' lang='lat' dir='ltr'><strong>nemo,</strong></span> <span class='ocrx_word' id='word_1_33' title='bbox 966 465 1182 506; x_wconf 87' lang='lat' dir='ltr'>felicitatem</span> <span class='ocrx_word' id='word_1_34' title='bbox 1214 464 1317 513; x_wconf 88' lang='lat' dir='ltr'><strong>dico,</strong></span> 
     </span>
     <span class='ocr_line' id='line_1_5' title="bbox 105 530 1322 588; baseline -0.004 -15"><span class='ocrx_word' id='word_1_35' title='bbox 105 546 217 586; x_wconf 89' lang='lat' dir='ltr'><strong>quarn</strong></span> <span class='ocrx_word' id='word_1_36' title='bbox 245 533 370 573; x_wconf 90' lang='lat' dir='ltr'><strong>uerbis</strong></span> <span class='ocrx_word' id='word_1_37' title='bbox 394 542 579 588; x_wconf 84' lang='lat' dir='ltr'><strong>ornatam,</strong></span> <span class='ocrx_word' id='word_1_38' title='bbox 602 532 792 572; x_wconf 85' lang='lat' dir='ltr'><strong>absentem</strong></span> <span class='ocrx_word' id='word_1_39' title='bbox 818 532 921 571; x_wconf 91' lang='lat' dir='ltr'><strong>uelut</strong></span> <span class='ocrx_word' id='word_1_40' title='bbox 942 530 1100 570; x_wconf 86' lang='lat' dir='ltr'>amicam</span> <span class='ocrx_word' id='word_1_41' title='bbox 1124 538 1322 581; x_wconf 76' lang='lat' dir='ltr'><strong>canentes,</strong></span> 
     </span>
     <span class='ocr_line' id='line_1_6' title="bbox 106 588 1318 651; baseline -0.004 -13"><span class='ocrx_word' id='word_1_42' title='bbox 106 611 181 639; x_wconf 91' lang='lat' dir='ltr'><strong>non</strong></span> <span class='ocrx_word' id='word_1_43' title='bbox 210 598 402 647; x_wconf 91' lang='lat' dir='ltr'><strong>uidebant,</strong></span> <span class='ocrx_word' id='word_1_44' title='bbox 433 588 723 651; x_wconf 84' lang='lat' dir='ltr'><strong>gaudebantque</strong></span> <span class='ocrx_word' id='word_1_45' title='bbox 755 598 801 636; x_wconf 93' lang='lat' dir='ltr'><strong>de</strong></span> <span class='ocrx_word' id='word_1_46' title='bbox 832 595 986 643; x_wconf 91' lang='lat' dir='ltr'><strong>nichilo,</strong></span> <span class='ocrx_word' id='word_1_47' title='bbox 1024 607 1175 647; x_wconf 91' lang='lat' dir='ltr'><strong>prorsus</strong></span> <span class='ocrx_word' id='word_1_48' title='bbox 1210 593 1318 646; x_wconf 90' lang='lat' dir='ltr'><strong>quasi</strong></span> 
     </span>
     <span class='ocr_line' id='line_1_7' title="bbox 107 658 1319 714; baseline -0.004 -11"><span class='ocrx_word' id='word_1_49' title='bbox 107 663 254 703; x_wconf 91' lang='lat' dir='ltr'><strong>somnio</strong></span> <span class='ocrx_word' id='word_1_50' title='bbox 274 663 372 702; x_wconf 89' lang='lat' dir='ltr'><strong>beati</strong></span> <span class='ocrx_word' id='word_1_51' title='bbox 396 665 424 714; x_wconf 84' lang='grc' dir='ltr'><strong>(ι</strong></span> <span class='ocrx_word' id='word_1_52' title='bbox 443 664 515 714; x_wconf 81' lang='grc' dir='ltr'>ι7),</span> <span class='ocrx_word' id='word_1_53' title='bbox 542 675 628 702; x_wconf 91' lang='lat' dir='ltr'><strong>uere</strong></span> <span class='ocrx_word' id='word_1_54' title='bbox 647 671 772 701; x_wconf 87' lang='lat' dir='ltr'><strong>autem</strong></span> <span class='ocrx_word' id='word_1_55' title='bbox 786 661 804 679; x_wconf 89' lang='lat'><em>*</em></span> <span class='ocrx_word' id='word_1_56' title='bbox 824 661 947 700; x_wconf 91' lang='lat' dir='ltr'><strong>miseri</strong></span> <span class='ocrx_word' id='word_1_57' title='bbox 974 660 1171 712; x_wconf 91' lang='lat' dir='ltr'><strong>uicineque</strong></span> <span class='ocrx_word' id='word_1_58' title='bbox 1188 658 1319 698; x_wconf 86' lang='lat' dir='ltr'><strong>mortis</strong></span> 
     </span>
     <span class='ocr_line' id='line_1_8' title="bbox 106 725 1319 778; baseline -0.005 -9"><span class='ocrx_word' id='word_1_59' title='bbox 106 728 244 769; x_wconf 84' lang='lat' dir='ltr'><strong>tonitru</strong></span> <span class='ocrx_word' id='word_1_60' title='bbox 265 728 310 768; x_wconf 92' lang='lat' dir='ltr'><strong>ad</strong></span> <span class='ocrx_word' id='word_1_61' title='bbox 333 728 519 768; x_wconf 88' lang='lat' dir='ltr'><strong>miseriam</strong></span> <span class='ocrx_word' id='word_1_62' title='bbox 541 727 743 775; x_wconf 87' lang='lat' dir='ltr'><strong>excitandi,</strong></span> <span class='ocrx_word' id='word_1_63' title='bbox 763 726 978 778; x_wconf 86' lang='lat' dir='ltr'><strong>apertisque</strong></span> <span class='ocrx_word' id='word_1_64' title='bbox 1001 725 1119 765; x_wconf 92' lang='lat' dir='ltr'><strong>oculis</strong></span> <span class='ocrx_word' id='word_1_65' title='bbox 1136 735 1319 776; x_wconf 87' lang='lat' dir='ltr'><strong>conspec-</strong></span> 
     </span>
     <span class='ocr_line' id='line_1_9' title="bbox 106 788 1318 846; baseline -0.005 -13"><span class='ocrx_word' id='word_1_66' title='bbox 106 793 177 833; x_wconf 87' lang='lat' dir='ltr'><strong>turi</strong></span> <span class='ocrx_word' id='word_1_67' title='bbox 203 806 363 846; x_wconf 88' lang='lat' dir='ltr'><strong>quenam</strong></span> <span class='ocrx_word' id='word_1_68' title='bbox 393 802 491 833; x_wconf 91' lang='lat' dir='ltr'><strong>esset</strong></span> <span class='ocrx_word' id='word_1_69' title='bbox 514 792 576 832; x_wconf 91' lang='lat' dir='ltr'><strong>illa</strong></span> <span class='ocrx_word' id='word_1_70' title='bbox 600 791 774 840; x_wconf 85' lang='lat' dir='ltr'><strong>felicitas,</strong></span> <span class='ocrx_word' id='word_1_71' title='bbox 797 791 844 830; x_wconf 94' lang='lat' dir='ltr'><strong>de</strong></span> <span class='ocrx_word' id='word_1_72' title='bbox 865 803 939 843; x_wconf 91' lang='lat' dir='ltr'><strong>qua</strong></span> <span class='ocrx_word' id='word_1_73' title='bbox 965 788 1188 829; x_wconf 89' lang='lat' dir='ltr'><strong>somniando</strong></span> <span class='ocrx_word' id='word_1_74' title='bbox 1215 798 1318 829; x_wconf 88' lang='lat' dir='ltr'><strong>trac-</strong></span> 
     </span>
     <span class='ocr_line' id='line_1_10' title="bbox 104 853 1313 912; baseline -0.006 -13"><span class='ocrx_word' id='word_1_75' title='bbox 104 861 319 910; x_wconf 86' lang='lat' dir='ltr'><strong>tauerant(1</strong></span> <span class='ocrx_word' id='word_1_76' title='bbox 337 859 410 907; x_wconf 80' lang='lat'><em>18).</em></span> <span class='ocrx_word' id='word_1_77' title='bbox 427 862 508 912; x_wconf 79' lang='lat' dir='ltr'><strong>Qie</strong></span> <span class='ocrx_word' id='word_1_78' title='bbox 526 857 692 909; x_wconf 88' lang='lat' dir='ltr'><strong>quidem,</strong></span> <span class='ocrx_word' id='word_1_79' title='bbox 711 869 759 896; x_wconf 90' lang='lat' dir='ltr'><strong>ne</strong></span> <span class='ocrx_word' id='word_1_80' title='bbox 783 855 867 908; x_wconf 86' lang='lat' dir='ltr'><strong>quis</strong></span> <span class='ocrx_word' id='word_1_81' title='bbox 888 869 933 895; x_wconf 91' lang='lat' dir='ltr'><strong>ex</strong></span> <span class='ocrx_word' id='word_1_82' title='bbox 957 868 1015 894; x_wconf 89' lang='lat' dir='ltr'><strong>me</strong></span> <span class='ocrx_word' id='word_1_83' title='bbox 1035 854 1108 894; x_wconf 93' lang='lat' dir='ltr'><strong>dici</strong></span> <span class='ocrx_word' id='word_1_84' title='bbox 1129 853 1313 902; x_wconf 85' lang='lat' dir='ltr'><strong>omnia**,</strong></span> 
     </span>
     <span class='ocr_line' id='line_1_11' title="bbox 105 918 1322 977; baseline -0.006 -13"><span class='ocrx_word' id='word_1_85' title='bbox 105 932 217 977; x_wconf 90' lang='lat' dir='ltr'><strong>atque</strong></span> <span class='ocrx_word' id='word_1_86' title='bbox 233 924 318 964; x_wconf 93' lang='lat' dir='ltr'><strong>ideo</strong></span> <span class='ocrx_word' id='word_1_87' title='bbox 336 923 450 963; x_wconf 91' lang='lat' dir='ltr'><strong>nimis</strong></span> <span class='ocrx_word' id='word_1_88' title='bbox 466 922 662 962; x_wconf 87' lang='lat' dir='ltr'><strong>temerarie</strong></span> <span class='ocrx_word' id='word_1_89' title='bbox 678 921 752 961; x_wconf 93' lang='lat' dir='ltr'><strong>dici</strong></span> <span class='ocrx_word' id='word_1_90' title='bbox 775 930 894 973; x_wconf 86' lang='lat' dir='ltr'><strong>putet,</strong></span> <span class='ocrx_word' id='word_1_91' title='bbox 918 918 1256 960; x_wconf 76' lang='lat' dir='ltr'><strong>tertiumdecimum</strong></span> <span class='ocrx_word' id='word_1_92' title='bbox 1271 918 1322 957; x_wconf 86' lang='lat' dir='ltr'><strong>de</strong></span> 
     </span>
     <span class='ocr_line' id='line_1_12' title="bbox 105 984 1319 1041; baseline -0.005 -12"><span class='ocrx_word' id='word_1_93' title='bbox 105 988 286 1029; x_wconf 84' lang='lat' dir='ltr'><strong>Trinitate</strong></span> <span class='ocrx_word' id='word_1_94' title='bbox 306 987 505 1041; x_wconf 79' lang='lat' dir='ltr'><strong>Augustini</strong></span> <span class='ocrx_word' id='word_1_95' title='bbox 526 987 660 1027; x_wconf 91' lang='lat' dir='ltr'><strong>librum</strong></span> <span class='ocrx_word' id='word_1_96' title='bbox 685 987 799 1040; x_wconf 86' lang='lat' dir='ltr'><strong>legat,</strong></span> <span class='ocrx_word' id='word_1_97' title='bbox 823 985 886 1025; x_wconf 92' lang='lat' dir='ltr'><strong>ubi</strong></span> <span class='ocrx_word' id='word_1_98' title='bbox 907 985 954 1025; x_wconf 91' lang='lat' dir='ltr'><strong>de</strong></span> <span class='ocrx_word' id='word_1_99' title='bbox 974 985 1044 1025; x_wconf 93' lang='lat' dir='ltr'><strong>hoc</strong></span> <span class='ocrx_word' id='word_1_100' title='bbox 1062 984 1144 1037; x_wconf 92' lang='lat' dir='ltr'><strong>ipso</strong></span> <span class='ocrx_word' id='word_1_101' title='bbox 1164 993 1319 1024; x_wconf 88' lang='lat' dir='ltr'><strong>contra-</strong></span> 
     </span>
     <span class='ocr_line' id='line_1_13' title="bbox 105 1049 1318 1106; baseline -0.005 -12"><span class='ocrx_word' id='word_1_102' title='bbox 105 1067 179 1106; x_wconf 92' lang='lat' dir='ltr'><strong>que</strong></span> <span class='ocrx_word' id='word_1_103' title='bbox 198 1052 447 1106; x_wconf 90' lang='lat' dir='ltr'><strong>philosophos</strong></span> <span class='ocrx_word' id='word_1_104' title='bbox 467 1052 531 1104; x_wconf 91' lang='lat' dir='ltr'><strong>qui</strong></span> <span class='ocrx_word' id='word_1_105' title='bbox 555 1051 725 1092; x_wconf 88' lang='lat' dir='ltr'><strong>fecerunt</strong></span> <span class='ocrx_word' id='word_1_106' title='bbox 745 1051 831 1101; x_wconf 89' lang='lat' dir='ltr'><strong>sibi,</strong></span> <span class='ocrx_word' id='word_1_107' title='bbox 855 1064 923 1091; x_wconf 88' lang='lat' dir='ltr'><strong>suo</strong></span> <span class='ocrx_word' id='word_1_108' title='bbox 950 1060 1033 1090; x_wconf 90' lang='lat' dir='ltr'><strong>utor</strong></span> <span class='ocrx_word' id='word_1_109' title='bbox 1059 1049 1174 1090; x_wconf 91' lang='lat' dir='ltr'><strong>uerbo</strong></span> <span class='ocrx_word' id='word_1_110' title='bbox 1194 1050 1220 1100; x_wconf 86' lang='grc' dir='ltr'><strong>(ι</strong></span> <span class='ocrx_word' id='word_1_111' title='bbox 1240 1050 1318 1101; x_wconf 78' lang='grc' dir='ltr'><strong>ι9),</strong></span> 
     </span>
     <span class='ocr_line' id='line_1_14' title="bbox 107 1115 1320 1168; baseline -0.005 -9"><span class='ocrx_word' id='word_1_112' title='bbox 107 1117 204 1159; x_wconf 89' lang='lat' dir='ltr'><strong>sicut</strong></span> <span class='ocrx_word' id='word_1_113' title='bbox 245 1131 372 1158; x_wconf 92' lang='lat' dir='ltr'><strong>eorum</strong></span> <span class='ocrx_word' id='word_1_114' title='bbox 410 1117 545 1167; x_wconf 90' lang='lat' dir='ltr'><strong>cuique</strong></span> <span class='ocrx_word' id='word_1_115' title='bbox 578 1117 734 1168; x_wconf 89' lang='lat' dir='ltr'><strong>placuit,</strong></span> <span class='ocrx_word' id='word_1_116' title='bbox 766 1116 864 1156; x_wconf 91' lang='lat' dir='ltr'><strong>uitas</strong></span> <span class='ocrx_word' id='word_1_117' title='bbox 901 1115 1030 1156; x_wconf 89' lang='lat' dir='ltr'><strong>beatas</strong></span> <span class='ocrx_word' id='word_1_118' title='bbox 1065 1127 1164 1164; x_wconf 90' lang='lat' dir='ltr'><strong>suas,</strong></span> <span class='ocrx_word' id='word_1_119' title='bbox 1201 1115 1320 1154; x_wconf 86' lang='lat' dir='ltr'><strong>multa</strong></span> 
     </span>
     <span class='ocr_line' id='line_1_15' title="bbox 105 1179 1316 1237; baseline -0.004 -14"><span class='ocrx_word' id='word_1_120' title='bbox 105 1183 268 1237; x_wconf 88' lang='lat' dir='ltr'><strong>grauiter</strong></span> <span class='ocrx_word' id='word_1_121' title='bbox 287 1193 400 1235; x_wconf 90' lang='lat' dir='ltr'><strong>atque</strong></span> <span class='ocrx_word' id='word_1_122' title='bbox 421 1182 554 1222; x_wconf 90' lang='lat' dir='ltr'><strong>acriter</strong></span> <span class='ocrx_word' id='word_1_123' title='bbox 567 1181 758 1233; x_wconf 85' lang='lat' dir='ltr'><strong>disputata</strong></span> <span class='ocrx_word' id='word_1_124' title='bbox 780 1180 950 1234; x_wconf 86' lang='lat' dir='ltr'><strong>reperiet.</strong></span> <span class='ocrx_word' id='word_1_125' title='bbox 973 1185 1070 1228; x_wconf 78' lang='lat' dir='ltr'><strong>Hoc,</strong></span> <span class='ocrx_word' id='word_1_126' title='bbox 1085 1180 1217 1227; x_wconf 89' lang='lat' dir='ltr'><strong>fateor,</strong></span> <span class='ocrx_word' id='word_1_127' title='bbox 1238 1179 1316 1219; x_wconf 88' lang='lat' dir='ltr'><strong>dixi</strong></span> 
     </span>
     <span class='ocr_line' id='line_1_16' title="bbox 105 1244 1319 1301; baseline -0.004 -13"><span class='ocrx_word' id='word_1_128' title='bbox 105 1262 208 1301; x_wconf 89' lang='lat' dir='ltr'><strong>sepe,</strong></span> <span class='ocrx_word' id='word_1_129' title='bbox 225 1258 262 1289; x_wconf 92' lang='lat' dir='ltr'><strong>et</strong></span> <span class='ocrx_word' id='word_1_130' title='bbox 274 1247 396 1288; x_wconf 85' lang='lat' dir='ltr'><strong>dicam</strong></span> <span class='ocrx_word' id='word_1_131' title='bbox 414 1247 537 1300; x_wconf 90' lang='lat' dir='ltr'><strong>quoad</strong></span> <span class='ocrx_word' id='word_1_132' title='bbox 556 1246 657 1299; x_wconf 88' lang='lat' dir='ltr'><strong>loqui</strong></span> <span class='ocrx_word' id='word_1_133' title='bbox 679 1256 823 1299; x_wconf 90' lang='lat' dir='ltr'><strong>potero,</strong></span> <span class='ocrx_word' id='word_1_134' title='bbox 841 1246 929 1298; x_wconf 92' lang='lat' dir='ltr'><strong>quia</strong></span> <span class='ocrx_word' id='word_1_135' title='bbox 945 1258 1072 1285; x_wconf 87' lang='lat' dir='ltr'><strong>uerum</strong></span> <span class='ocrx_word' id='word_1_136' title='bbox 1095 1257 1153 1284; x_wconf 91' lang='lat' dir='ltr'><strong>me</strong></span> <span class='ocrx_word' id='word_1_137' title='bbox 1173 1244 1319 1284; x_wconf 85' lang='lat' dir='ltr'><strong>dixisse</strong></span> 
     </span>
     <span class='ocr_line' id='line_1_17' title="bbox 105 1310 1315 1363; baseline -0.005 -9"><span class='ocrx_word' id='word_1_138' title='bbox 105 1326 150 1354; x_wconf 90' lang='lat' dir='ltr'><strong>ac</strong></span> <span class='ocrx_word' id='word_1_139' title='bbox 165 1314 352 1354; x_wconf 92' lang='lat' dir='ltr'><strong>dicturum</strong></span> <span class='ocrx_word' id='word_1_140' title='bbox 368 1325 451 1352; x_wconf 90' lang='lat' dir='ltr'><strong>esse</strong></span> <span class='ocrx_word' id='word_1_141' title='bbox 464 1311 628 1353; x_wconf 83' lang='lat' dir='ltr'><strong>confido.</strong></span> <span class='ocrx_word' id='word_1_142' title='bbox 653 1312 689 1351; x_wconf 90' lang='lat' dir='ltr'><strong>Si</strong></span> <span class='ocrx_word' id='word_1_143' title='bbox 706 1311 776 1351; x_wconf 95' lang='lat' dir='ltr'><strong>hoc</strong></span> <span class='ocrx_word' id='word_1_144' title='bbox 797 1310 1076 1363; x_wconf 46' lang='lat' dir='ltr'><strong>sacrilegumffl‘*</strong></span> <span class='ocrx_word' id='word_1_145' title='bbox 1099 1310 1315 1362; x_wconf 77' lang='lat' dir='ltr'><strong>opinantur,</strong></span> 
     </span>
     <span class='ocr_line' id='line_1_18' title="bbox 105 1374 1318 1431; baseline -0.004 -12"><span class='ocrx_word' id='word_1_146' title='bbox 105 1379 243 1419; x_wconf 90' lang='lat' dir='ltr'><strong>uiolate</strong></span> <span class='ocrx_word' id='word_1_147' title='bbox 263 1390 322 1418; x_wconf 91' lang='lat' dir='ltr'><strong>me</strong></span> <span class='ocrx_word' id='word_1_148' title='bbox 342 1377 533 1431; x_wconf 86' lang='lat' dir='ltr'><strong>religionis</strong></span> <span class='ocrx_word' id='word_1_149' title='bbox 552 1387 743 1426; x_wconf 87' lang='lat' dir='ltr'><strong>accusent,</strong></span> <span class='ocrx_word' id='word_1_150' title='bbox 764 1377 828 1416; x_wconf 89' lang='lat' dir='ltr'><strong>sed</strong></span> <span class='ocrx_word' id='word_1_151' title='bbox 850 1376 1078 1416; x_wconf 88' lang='lat' dir='ltr'><strong>Jeronimum</strong></span> <span class='ocrx_word' id='word_1_152' title='bbox 1095 1374 1220 1424; x_wconf 90' lang='lat' dir='ltr'><strong>simul,</strong></span> <span class='ocrx_word' id='word_1_153' title='bbox 1240 1387 1318 1414; x_wconf 87' lang='lat' dir='ltr'><strong>non</strong></span> 
     </span>
     <span class='ocr_line' id='line_1_19' title="bbox 105 1440 1320 1496; baseline -0.004 -13"><span class='ocrx_word' id='word_1_154' title='bbox 105 1452 296 1484; x_wconf 91' lang='lat' dir='ltr'><strong>curantem</strong></span> <span class='ocrx_word' id='word_1_155' title='bbox 307 1442 396 1496; x_wconf 93' lang='lat' dir='ltr'><strong>quid</strong></span> <span class='ocrx_word' id='word_1_156' title='bbox 413 1441 514 1482; x_wconf 93' lang='lat' dir='ltr'><strong>dicat</strong></span> <span class='ocrx_word' id='word_1_157' title='bbox 526 1442 752 1490; x_wconf 86' lang='lat' dir='ltr'><strong>Aristotiles,</strong></span> <span class='ocrx_word' id='word_1_158' title='bbox 764 1442 828 1481; x_wconf 95' lang='lat' dir='ltr'><strong>sed</strong></span> <span class='ocrx_word' id='word_1_159' title='bbox 839 1441 930 1494; x_wconf 93' lang='lat' dir='ltr'><strong>quid</strong></span> <span class='ocrx_word' id='word_1_160' title='bbox 944 1441 1087 1481; x_wconf 88' lang='lat' dir='ltr'><strong>Cristus</strong></span> <span class='ocrx_word' id='word_1_161' title='bbox 1105 1446 1113 1491; x_wconf 80' lang='lat'>(</span> <span class='ocrx_word' id='word_1_162' title='bbox 1124 1453 1133 1480; x_wconf 86' lang='lat'>1</span> <span class='ocrx_word' id='word_1_163' title='bbox 1148 1440 1224 1491; x_wconf 82' lang='lat'>20).</span> <span class='ocrx_word' id='word_1_164' title='bbox 1238 1444 1320 1493; x_wconf 85' lang='lat' dir='ltr'><strong>Ego</strong></span> 
     </span>
     <span class='ocr_line' id='line_1_20' title="bbox 104 1505 1321 1558; baseline -0.005 -9"><span class='ocrx_word' id='word_1_165' title='bbox 104 1518 247 1558; x_wconf 86' lang='lat' dir='ltr'><strong>contra,</strong></span> <span class='ocrx_word' id='word_1_166' title='bbox 280 1507 380 1556; x_wconf 92' lang='lat' dir='ltr'><strong>illos,</strong></span> <span class='ocrx_word' id='word_1_167' title='bbox 404 1507 435 1547; x_wconf 92' lang='lat' dir='ltr'><strong>si</strong></span> <span class='ocrx_word' id='word_1_168' title='bbox 457 1507 648 1546; x_wconf 91' lang='lat' dir='ltr'><strong>diuersum</strong></span> <span class='ocrx_word' id='word_1_169' title='bbox 671 1507 850 1555; x_wconf 85' lang='lat' dir='ltr'><strong>sentiunt,</strong></span> <span class='ocrx_word' id='word_1_170' title='bbox 878 1506 1014 1558; x_wconf 88' lang='lat' dir='ltr'><strong>impios</strong></span> <span class='ocrx_word' id='word_1_171' title='bbox 1041 1505 1321 1558; x_wconf 86' lang='lat' dir='ltr'><strong>sacrilegosque</strong></span> 
     </span>
     <span class='ocr_line' id='line_1_21' title="bbox 103 1569 1315 1625; baseline -0.004 -12"><span class='ocrx_word' id='word_1_172' title='bbox 103 1586 178 1613; x_wconf 94' lang='lat' dir='ltr'><strong>non</strong></span> <span class='ocrx_word' id='word_1_173' title='bbox 194 1572 377 1622; x_wconf 88' lang='lat' dir='ltr'><strong>dubitem,</strong></span> <span class='ocrx_word' id='word_1_174' title='bbox 396 1572 576 1625; x_wconf 87' lang='lat' dir='ltr'><strong>priusque</strong></span> <span class='ocrx_word' id='word_1_175' title='bbox 594 1571 706 1612; x_wconf 91' lang='lat' dir='ltr'><strong>michi</strong></span> <span class='ocrx_word' id='word_1_176' title='bbox 727 1572 844 1612; x_wconf 84' lang='lat' dir='ltr'><strong>uitam</strong></span> <span class='ocrx_word' id='word_1_177' title='bbox 860 1581 896 1612; x_wconf 91' lang='lat' dir='ltr'><strong>et</strong></span> <span class='ocrx_word' id='word_1_178' title='bbox 913 1569 1092 1623; x_wconf 89' lang='lat' dir='ltr'><strong>quicquid</strong></span> <span class='ocrx_word' id='word_1_179' title='bbox 1106 1582 1231 1610; x_wconf 89' lang='lat' dir='ltr'><strong>carum</strong></span> <span class='ocrx_word' id='word_1_180' title='bbox 1251 1569 1315 1608; x_wconf 87' lang='lat' dir='ltr'><strong>ha-</strong></span> 
     </span>
     <span class='ocr_line' id='line_1_22' title="bbox 106 1635 1319 1689; baseline -0.004 -11"><span class='ocrx_word' id='word_1_181' title='bbox 106 1637 176 1678; x_wconf 88' lang='lat' dir='ltr'><strong>beo</strong></span> <span class='ocrx_word' id='word_1_182' title='bbox 190 1642 290 1677; x_wconf 90' lang='lat' dir='ltr'><strong>Deus</strong></span> <span class='ocrx_word' id='word_1_183' title='bbox 301 1636 513 1685; x_wconf 88' lang='lat' dir='ltr'><strong>abstulerit,</strong></span> <span class='ocrx_word' id='word_1_184' title='bbox 532 1649 645 1689; x_wconf 91' lang='lat' dir='ltr'><strong>quam</strong></span> <span class='ocrx_word' id='word_1_185' title='bbox 669 1636 896 1676; x_wconf 87' lang='lat' dir='ltr'><strong>sententiam</strong></span> <span class='ocrx_word' id='word_1_186' title='bbox 919 1636 1031 1684; x_wconf 86' lang='lat' dir='ltr'><strong>hanc,</strong></span> <span class='ocrx_word' id='word_1_187' title='bbox 1045 1635 1159 1688; x_wconf 90' lang='lat' dir='ltr'><strong>piam,</strong></span> <span class='ocrx_word' id='word_1_188' title='bbox 1172 1647 1319 1684; x_wconf 82' lang='lat' dir='ltr'><strong>ueram,</strong></span> 
     </span>
     <span class='ocr_line' id='line_1_23' title="bbox 103 1700 1313 1754; baseline -0.002 -11"><span class='ocrx_word' id='word_1_189' title='bbox 103 1701 347 1752; x_wconf 86' lang='lat' dir='ltr'><strong>salutiferam,</strong></span> <span class='ocrx_word' id='word_1_190' title='bbox 370 1712 435 1742; x_wconf 92' lang='lat' dir='ltr'><strong>aut</strong></span> <span class='ocrx_word' id='word_1_191' title='bbox 464 1715 576 1754; x_wconf 80' lang='lat' dir='ltr'><strong>quarn</strong></span> <span class='ocrx_word' id='word_1_192' title='bbox 603 1714 731 1741; x_wconf 90' lang='lat' dir='ltr'><strong>amore</strong></span> <span class='ocrx_word' id='word_1_193' title='bbox 751 1700 952 1742; x_wconf 84' lang='lat' dir='ltr'><strong>Aristotilis</strong></span> <span class='ocrx_word' id='word_1_194' title='bbox 977 1700 1137 1740; x_wconf 92' lang='lat' dir='ltr'><strong>Cristum</strong></span> <span class='ocrx_word' id='word_1_195' title='bbox 1165 1712 1313 1753; x_wconf 84' lang='lat' dir='ltr'><strong>negem.</strong></span> 
     </span>
     <span class='ocr_line' id='line_1_24' title="bbox 104 1764 1320 1820; baseline -0.002 -13"><span class='ocrx_word' id='word_1_196' title='bbox 104 1767 185 1808; x_wconf 91' lang='lat' dir='ltr'><strong>Sint</strong></span> <span class='ocrx_word' id='word_1_197' title='bbox 206 1769 317 1820; x_wconf 89' lang='lat' dir='ltr'><strong>plane</strong></span> <span class='ocrx_word' id='word_1_198' title='bbox 337 1766 567 1820; x_wconf 88' lang='lat' dir='ltr'><strong>philosophi,</strong></span> <span class='ocrx_word' id='word_1_199' title='bbox 591 1766 666 1807; x_wconf 90' lang='lat' dir='ltr'><strong>sint</strong></span> <span class='ocrx_word' id='word_1_200' title='bbox 687 1766 1027 1817; x_wconf 39' lang='lat' dir='ltr'><strong>aristotelicikcum</strong></span> <span class='ocrx_word' id='word_1_201' title='bbox 1050 1765 1180 1817; x_wconf 90' lang='lat' dir='ltr'><strong>procul</strong></span> <span class='ocrx_word' id='word_1_202' title='bbox 1200 1764 1320 1804; x_wconf 90' lang='lat' dir='ltr'><strong>dubio</strong></span> 
     </span>
    </p>

    <p class='ocr_par' dir='ltr' id='par_1_2' title="bbox 88 1823 1349 2014">
     <span class='ocr_line' id='line_1_25' title="bbox 88 1823 1349 1892; baseline -0.004 -19"><span class='ocrx_word' id='word_1_203' title='bbox 88 1843 274 1892; x_wconf 48' lang='lat' dir='ltr'><strong>neutrum</strong></span> <span class='ocrx_word' id='word_1_204' title='bbox 296 1833 384 1885; x_wconf 82' lang='lat' dir='ltr'><strong>sint,</strong></span> <span class='ocrx_word' id='word_1_205' title='bbox 408 1833 472 1872; x_wconf 89' lang='lat' dir='ltr'><strong>sed</strong></span> <span class='ocrx_word' id='word_1_206' title='bbox 495 1841 535 1872; x_wconf 92' lang='lat' dir='ltr'><strong>ut</strong></span> <span class='ocrx_word' id='word_1_207' title='bbox 549 1831 623 1872; x_wconf 89' lang='lat' dir='ltr'><strong>sint</strong></span> <span class='ocrx_word' id='word_1_208' title='bbox 636 1841 860 1883; x_wconf 87' lang='lat' dir='ltr'><strong>utrumque;</strong></span> <span class='ocrx_word' id='word_1_209' title='bbox 879 1844 999 1883; x_wconf 90' lang='lat' dir='ltr'><strong>neque</strong></span> <span class='ocrx_word' id='word_1_210' title='bbox 1016 1830 1114 1870; x_wconf 92' lang='lat' dir='ltr'><strong>enim</strong></span> <span class='ocrx_word' id='word_1_211' title='bbox 1132 1830 1230 1869; x_wconf 89' lang='lat' dir='ltr'><strong>clara</strong></span> <span class='ocrx_word' id='word_1_212' title='bbox 1248 1829 1317 1869; x_wconf 93' lang='lat' dir='ltr'><strong>hec</strong></span> <span class='ocrx_word' id='word_1_213' title='bbox 1344 1823 1349 1825; x_wconf 57' lang='grc'><strong>’</strong></span> 
     </span>
     <span class='ocr_line' id='line_1_26' title="bbox 103 1890 1317 1948; baseline -0.002 -11"><span class='ocrx_word' id='word_1_214' title='bbox 103 1897 254 1937; x_wconf 90' lang='lat' dir='ltr'><strong>nomina</strong></span> <span class='ocrx_word' id='word_1_215' title='bbox 280 1890 358 1938; x_wconf 63' lang='lat' dir='ltr'><strong>&#39;illis</strong></span> <span class='ocrx_word' id='word_1_216' title='bbox 390 1897 555 1946; x_wconf 89' lang='lat' dir='ltr'><strong>inuide0,</strong></span> <span class='ocrx_word' id='word_1_217' title='bbox 594 1895 731 1948; x_wconf 90' lang='lat' dir='ltr'><strong>quibus</strong></span> <span class='ocrx_word' id='word_1_218' title='bbox 751 1896 854 1936; x_wconf 88' lang='lat' dir='ltr'><strong>falsis</strong></span> <span class='ocrx_word' id='word_1_219' title='bbox 890 1895 1001 1936; x_wconf 88' lang='lat' dir='ltr'><strong>etiam</strong></span> <span class='ocrx_word' id='word_1_220' title='bbox 1037 1904 1208 1945; x_wconf 90' lang='lat' dir='ltr'><strong>tument;</strong></span> <span class='ocrx_word' id='word_1_221' title='bbox 1238 1907 1317 1934; x_wconf 91' lang='lat' dir='ltr'><strong>non</strong></span> 
     </span>
     <span class='ocr_line' id='line_1_27' title="bbox 103 1960 1321 2014; baseline -0.002 -12"><span class='ocrx_word' id='word_1_222' title='bbox 103 1961 215 2002; x_wconf 91' lang='lat' dir='ltr'><strong>michi</strong></span> <span class='ocrx_word' id='word_1_223' title='bbox 248 1961 441 2002; x_wconf 89' lang='lat' dir='ltr'><strong>inuideant</strong></span> <span class='ocrx_word' id='word_1_224' title='bbox 482 1962 620 2001; x_wconf 91' lang='lat' dir='ltr'><strong>humile</strong></span> <span class='ocrx_word' id='word_1_225' title='bbox 658 1974 862 2014; x_wconf 87' lang='lat' dir='ltr'><strong>uerumque</strong></span> <span class='ocrx_word' id='word_1_226' title='bbox 899 1960 1064 2001; x_wconf 83' lang='lat' dir='ltr'><strong>cristiani</strong></span> <span class='ocrx_word' id='word_1_227' title='bbox 1103 1972 1240 2000; x_wconf 87' lang='lat' dir='ltr'><strong>nomen</strong></span> <span class='ocrx_word' id='word_1_228' title='bbox 1278 1968 1321 2000; x_wconf 85' lang='lat' dir='ltr'><strong>et</strong></span> 
     </span>
    </p>
   </div>
   <div class='ocr_carea' id='block_1_2' title="bbox 138 2137 1316 2273">
    <p class='ocr_par' dir='ltr' id='par_1_3' title="bbox 138 2137 1316 2273">
     <span class='ocr_line' id='line_1_28' title="bbox 145 2137 370 2170; baseline 0 -1"><span class='ocrx_word' id='word_1_229' title='bbox 145 2137 160 2152; x_wconf 80' lang='lat'><strong>‘¹</strong></span> <span class='ocrx_word' id='word_1_230' title='bbox 183 2138 246 2169; x_wconf 79' lang='lat' dir='ltr'><strong>Fol.</strong></span> <span class='ocrx_word' id='word_1_231' title='bbox 272 2147 305 2169; x_wconf 82' lang='lat'><strong>12</strong></span> <span class='ocrx_word' id='word_1_232' title='bbox 325 2141 370 2170; x_wconf 88' lang='lat' dir='ltr'><strong>v⁰.</strong></span> 
     </span>
     <span class='ocr_line' id='line_1_29' title="bbox 143 2184 981 2226; baseline -0.002 -9"><span class='ocrx_word' id='word_1_233' title='bbox 143 2184 171 2200; x_wconf 60' lang='lat'><strong>*³</strong></span> <span class='ocrx_word' id='word_1_234' title='bbox 194 2186 359 2226; x_wconf 80' lang='lat' dir='ltr'><strong>Petrarque</strong></span> <span class='ocrx_word' id='word_1_235' title='bbox 378 2185 460 2217; x_wconf 84' lang='lat' dir='ltr'><strong>avait</strong></span> <span class='ocrx_word' id='word_1_236' title='bbox 480 2185 535 2216; x_wconf 90' lang='lat' dir='ltr'><strong>mis</strong></span> <span class='ocrx_word' id='word_1_237' title='bbox 553 2185 591 2216; x_wconf 92' lang='lat' dir='ltr'><strong>ici</strong></span> <span class='ocrx_word' id='word_1_238' title='bbox 609 2195 650 2216; x_wconf 92' lang='lat' dir='ltr'><strong>un</strong></span> <span class='ocrx_word' id='word_1_239' title='bbox 666 2185 752 2225; x_wconf 81' lang='lat' dir='ltr'><strong>point</strong></span> <span class='ocrx_word' id='word_1_240' title='bbox 769 2184 845 2225; x_wconf 90' lang='lat' dir='ltr'><strong>qu’il</strong></span> <span class='ocrx_word' id='word_1_241' title='bbox 863 2194 880 2215; x_wconf 85' lang='lat' dir='ltr'><strong>a</strong></span> <span class='ocrx_word' id='word_1_242' title='bbox 900 2184 981 2216; x_wconf 82' lang='lat' dir='ltr'><strong>biffe.</strong></span> 
     </span>
     <span class='ocr_line' id='line_1_30' title="bbox 138 2229 1316 2273; baseline -0.001 -9"><span class='ocrx_word' id='word_1_243' title='bbox 138 2229 182 2248; x_wconf 47' lang='grc' dir='ltr'><em>Ψ</em></span> <span class='ocrx_word' id='word_1_244' title='bbox 205 2237 285 2264; x_wconf 82' lang='lat' dir='ltr'><strong>Dans</strong></span> <span class='ocrx_word' id='word_1_245' title='bbox 301 2233 328 2264; x_wconf 90' lang='lat' dir='ltr'><strong>le</strong></span> <span class='ocrx_word' id='word_1_246' title='bbox 349 2242 420 2269; x_wconf 84' lang='lat' dir='ltr'><strong>ms.,</strong></span> <span class='ocrx_word' id='word_1_247' title='bbox 437 2232 562 2264; x_wconf 88' lang='lat' dir='ltr'><strong>d’abord</strong></span> <span class='ocrx_word' id='word_1_248' title='bbox 580 2233 782 2273; x_wconf 84' lang='lat' dir='ltr'><strong>sacrilegium,</strong></span> <span class='ocrx_word' id='word_1_249' title='bbox 800 2232 917 2273; x_wconf 72' lang='lat' dir='ltr'><strong>corrige</strong></span> <span class='ocrx_word' id='word_1_250' title='bbox 931 2231 1050 2263; x_wconf 75' lang='lat' dir='ltr'><strong>ensuite</strong></span> <span class='ocrx_word' id='word_1_251' title='bbox 1066 2240 1104 2262; x_wconf 87' lang='lat' dir='ltr'><strong>en</strong></span> <span class='ocrx_word' id='word_1_252' title='bbox 1120 2229 1316 2271; x_wconf 81' lang='lat' dir='ltr'><strong>sacrilegum.</strong></span> 
     </span>
    </p>
   </div>
  </div>
 </body>
</html>
