1494 2600
692 198 905 250 ..48—

190 288 316 328 inesse
336 287 512 340 aliquem,
537 301 611 327 non
638 288 757 327 solum
785 287 1030 328 habitatorem
1062 289 1099 328 in
1127 289 1195 330 hac
1214 291 1343 331 celesti
1360 305 1404 332 ac

190 353 320 392 diuina
341 353 467 401 domo,
485 352 547 391 sed
570 352 681 392 etiarn
701 362 880 392 rectorem
901 365 944 392 ac
964 353 1250 403 moderatorem,
1273 365 1309 395 et
1319 365 1405 396 tan-

188 431 305 469 quam
328 417 571 457 architectum
596 416 689 457 tanti
711 416 835 469 operis
858 417 1026 470 tantique
1045 419 1224 460 muneris.
1249 435 1266 455 »
1297 422 1403 475 Q10d

192 482 322 534 ipsum·
340 482 414 521 alio
436 483 517 521 loco
542 495 636 534 pene
659 482 789 533 ijsdem
819 482 940 522 uerbis
970 483 1095 534 posuit
1111 485 1402 525 Tusculanarum

196 546 492 598 [questionum]*
525 546 617 586 libro
645 547 765 598 primo
796 548 924 598 (¹43l2
951 561 970 585 «
999 552 1089 597 Hec,
1109 548 1244 600 inquit,
1273 559 1310 589 et
1331 549 1403 590 alia

188 611 477 651 innumerabilia
507 624 590 651 cum
622 611 822 660 cernimus,
845 624 1095 663 possumusne
1115 612 1285 653 dubitare
1313 614 1404 666 quin

192 676 249 716 his
268 676 383 728 presit
399 676 535 728 aliquis
556 677 614 715 uel
639 676 802 724 effector,
826 677 856 715 si
879 676 946 716 hec
966 686 1052 717 nata
1072 686 1173 726 sunt,
1193 687 1234 718 ut
1255 678 1403 718 Platoni
1459 720 1463 724 ,

193 741 352 790 uidetur,
373 742 431 780 uel
454 741 484 780 si
507 754 653 793 semper
673 740 835 790 fuerunt,
860 750 899 781 ut
918 741 1099 782 Aristotili
1121 743 1256 794 placet,
1275 743 1406 784 mode-

190 815 292 846 rator
314 805 407 846 tanti
435 806 561 858 operis
595 816 631 846 et
667 806 860 846 muneris?
882 819 902 844 »
926 806 1039 846 Vides
1060 816 1100 847 ut
1121 807 1261 860 ubique
1291 817 1404 848 unum

187 870 303 910 deum
345 871 629 924 gubernatorem
669 884 712 911 ac
753 870 932 911 factorem
973 885 1094 912 rerum
1130 873 1296 913 omnium
1331 887 1406 914 non

192 935 454 987 philosophica
467 945 624 984 tantum,
639 937 701 975 sed
718 936 824 988 quasi
836 936 1019 976 catholica
1035 936 1408 979 circumlocutione*

193 999 385 1042 describit.
410 1005 537 1052 Itaque
573 1000 693 1054 magis
717 1001 786 1040 hoc
814 1001 946 1053 probo,
977 1014 1089 1053 quam
1120 1002 1220 1054 quod
1251 1004 1289 1042 in
1325 1004 1408 1055 ipso

192 1069 335 1105 Nature
354 1066 507 1105 deorum
538 1065 632 1105 libro
653 1065 834 1118 sequitur,
857 1076 986 1106 autore
1008 1066 1159 1118 quidem
1185 1066 1378 1108 Aristotile
1397 1082 1406 1118 ;

193 1129 367 1181 quamuis
386 1142 549 1182 namque
573 1130 756 1170 sententia
778 1143 850 1169 una
883 1130 944 1180 sit,
970 1130 1021 1170 ibi
1044 1141 1169 1171 tamen
1190 1132 1331 1172 mentio
1351 1140 1408 1173 est

190 1194 536 1246 deorum,quorum
559 1207 698 1234 nomen
717 1195 754 1234 in
776 1195 876 1234 omni
893 1194 1062 1236 ueritatis
1075 1195 1318 1248 inquisitione
1329 1210 1406 1237 sus·

197 1267 346 1311 pectum
368 1268 443 1300 est.
471 1259 530 1299 Sic
551 1259 648 1299 enim
668 1260 720 1299 ait
740 1260 907 1312 preclare
933 1272 1021 1313 ergo
1045 1260 1255 1301 Aristotiles
1277 1263 1379 1313 (144)
1397 1276 1405 1301 ε

198 1341 217 1360 «
234 1324 269 1363 Si
291 1334 403 1374 esset,
420 1324 554 1377 inquit,
571 1324 634 1376 qui
665 1324 735 1364 sub
754 1334 850 1365 terra
863 1338 1008 1376 semper
1029 1325 1235 1366 habitasset
1252 1325 1359 1366 bonis
1373 1336 1410 1367 et

195 1388 408 1429 illustribus
420 1389 635 1440 domiciliis,
651 1403 726 1442 que
748 1399 873 1430 essent
895 1399 1024 1430 ornata
1044 1390 1164 1444 signis
1184 1399 1300 1443 atque
1325 1391 1410 1443 pic-

197 1454 303 1503 turis,
331 1455 586 1507 instructaque
612 1455 721 1495 rebus
746 1454 802 1495 his
827 1455 1002 1495 omnibus
1037 1455 1174 1508 quibus
1194 1455 1410 1497 habundant

195 1519 233 1558 hi
255 1520 318 1572 qui
346 1519 444 1560 beati
470 1529 661 1572 putantur,
690 1532 759 1559 nec
785 1529 909 1560 tamen
939 1519 1077 1560 exisset
1115 1533 1226 1572 super
1257 1530 1406 1570 terram,

196 1584 407 1636 accepisset
428 1594 551 1624 autem
572 1584 668 1624 fama
690 1594 725 1625 et
747 1584 938 1625 auditione
959 1598 1040 1625 esse
1065 1585 1254 1637 quoddam
1274 1598 1410 1626 numen

199 1659 236 1689 et
265 1649 340 1688 uim
375 1649 543 1699 deorum,
577 1649 712 1689 deinde
742 1649 869 1702 aliquo
901 1659 1070 1702 tempore
1094 1649 1291 1703 patefactis
1317 1660 1411 1691 terre

195 1713 385 1762 faucibus,
412 1727 455 1754 ex
471 1714 544 1754 illis
564 1714 701 1754 abditis
720 1714 871 1754 sedibus
893 1714 1051 1755 euadere
1072 1714 1110 1754 in
1136 1715 1203 1755 hec
1223 1716 1321 1765 loca,
1338 1729 1411 1769 que

198 1792 269 1819 nos
299 1778 471 1827 colimus,
492 1789 605 1832 atque
635 1778 736 1819 exire
771 1779 967 1832 potuisset,
991 1793 1076 1820 cum
1107 1790 1258 1833 repente
1276 1790 1410 1821 terram

196 1854 237 1884 et
270 1843 384 1884 maria
421 1845 617 1896 celumque
645 1844 815 1893 uidisset,
852 1845 1007 1885 nubium
1047 1845 1342 1898 magnitudinem
1377 1856 1413 1887 et

198 1908 507 1961 pulcritudinem,
546 1919 818 1962 uentorumque
848 1909 922 1949 uim
960 1910 1213 1963 cognouisset,
1244 1911 1413 1963 aspexis-

202 1983 334 2025 setque
357 1974 488 2023 solem,
514 1973 668 2026 eiusque
703 1970 997 2028 magnitudinem
1033 1985 1071 2016 et
1091 1977 1278 2025 decorem,
1301 1979 1411 2028 que'm

199 2047 328 2078 tamen
361 2038 471 2078 etiam
500 2052 566 2091 per
588 2038 826 2080 efficientiam
857 2039 1112 2094 cognouisset,
1138 2041 1237 2093 quod
1263 2041 1293 2081 is
1313 2040 1412 2081 diem

243 2192 257 2206 *
281 2197 318 2224 Le
338 2200 401 2224 mot
420 2200 502 2225 entre
517 2195 650 2225 crochets
667 2201 712 2225 est
732 2194 805 2226 ecrit
825 2204 877 2226 sur
897 2204 937 2226 un
957 2201 1106 2236 grattage.

243 2239 273 2254 *²⁸
298 2241 361 2271 Fol.
386 2240 420 2270 16
441 2244 482 2272 r“.
