<?xml version="1.0" encoding="UTF-8"?>
<!DOCTYPE html PUBLIC "-//W3C//DTD XHTML 1.0 Transitional//EN"
    "http://www.w3.org/TR/xhtml1/DTD/xhtml1-transitional.dtd">
<html xmlns="http://www.w3.org/1999/xhtml" xml:lang="en" lang="en">
 <head>
  <title>
</title>
<meta http-equiv="Content-Type" content="text/html;charset=utf-8" />
  <meta name='ocr-system' content='tesseract 3.04.00' />
  <meta name='ocr-capabilities' content='ocr_page ocr_carea ocr_par ocr_line ocrx_word'/>
</head>
<body>
  <div class='ocr_page' id='page_1' title='image "./letraitdesuiip00petruoft/letraitdesuiip00petruoft_0109.png"; bbox 0 0 1494 2600; ppageno 0'>
   <div class='ocr_carea' id='block_1_1' title="bbox 1226 0 1482 21">
    <p class='ocr_par' dir='ltr' id='par_1_1' title="bbox 1226 0 1482 21">
     <span class='ocr_line' id='line_1_1' title="bbox 1226 0 1482 21; baseline 0 -3"><span class='ocrx_word' id='word_1_1' title='bbox 1226 0 1482 21; x_wconf 57' lang='lat' dir='ltr'>—rn--n-›ww</span> 
     </span>
    </p>
   </div>
   <div class='ocr_carea' id='block_1_2' title="bbox 0 0 1229 198">
    <p class='ocr_par' dir='ltr' id='par_1_2' title="bbox 0 0 1229 198">
     <span class='ocr_line' id='line_1_2' title="bbox 0 0 1229 198; baseline 0 2402"><span class='ocrx_word' id='word_1_2' title='bbox 0 0 1229 198; x_wconf 95' lang='lat' dir='ltr'> </span> 
     </span>
    </p>
   </div>
   <div class='ocr_carea' id='block_1_3' title="bbox 631 213 844 252">
    <p class='ocr_par' dir='ltr' id='par_1_3' title="bbox 631 213 844 252">
     <span class='ocr_line' id='line_1_3' title="bbox 631 213 844 252; baseline -0.009 -20"><span class='ocrx_word' id='word_1_3' title='bbox 631 213 844 252; x_wconf 64' lang='lat'>„95-</span> 
     </span>
    </p>
   </div>
   <div class='ocr_carea' id='block_1_4' title="bbox 55 278 1371 1174">
    <p class='ocr_par' dir='ltr' id='par_1_4' title="bbox 132 278 1344 342">
     <span class='ocr_line' id='line_1_4' title="bbox 132 278 1344 342; baseline -0.001 -14"><span class='ocrx_word' id='word_1_4' title='bbox 132 298 175 330; x_wconf 90' lang='lat' dir='ltr'>ut</span> <span class='ocrx_word' id='word_1_5' title='bbox 209 278 409 329; x_wconf 88' lang='lat' dir='ltr'>uerbosum</span> <span class='ocrx_word' id='word_1_6' title='bbox 442 289 479 329; x_wconf 89' lang='lat' dir='ltr'>in</span> <span class='ocrx_word' id='word_1_7' title='bbox 512 289 664 330; x_wconf 87' lang='lat' dir='ltr'>historia</span> <span class='ocrx_word' id='word_1_8' title='bbox 697 289 1028 342; x_wconf 78' lang='lat' dir='ltr'>negligentemque</span> <span class='ocrx_word' id='word_1_9' title='bbox 1065 287 1254 341; x_wconf 85' lang='lat' dir='ltr'>carpebat.</span> <span class='ocrx_word' id='word_1_10' title='bbox 1296 292 1344 328; x_wconf 85' lang='lat' dir='ltr'>At</span> 
     </span>
    </p>

    <p class='ocr_par' dir='ltr' id='par_1_5' title="bbox 74 353 1343 470">
     <span class='ocr_line' id='line_1_5' title="bbox 74 353 1341 406; baseline -0.002 -12"><span class='ocrx_word' id='word_1_11' title='bbox 74 362 80 364; x_wconf 83' lang='grc'><em>“</em></span> <span class='ocrx_word' id='word_1_12' title='bbox 132 357 303 394; x_wconf 86' lang='lat' dir='ltr'>Anneum</span> <span class='ocrx_word' id='word_1_13' title='bbox 330 357 522 403; x_wconf 86' lang='lat' dir='ltr'>Senecam,</span> <span class='ocrx_word' id='word_1_14' title='bbox 549 364 584 394; x_wconf 91' lang='lat' dir='ltr'>et</span> <span class='ocrx_word' id='word_1_15' title='bbox 605 364 683 394; x_wconf 86' lang='lat' dir='ltr'>tum</span> <span class='ocrx_word' id='word_1_16' title='bbox 709 354 876 406; x_wconf 89' lang='lat' dir='ltr'>quidem,</span> <span class='ocrx_word' id='word_1_17' title='bbox 897 363 934 393; x_wconf 92' lang='lat' dir='ltr'>et</span> <span class='ocrx_word' id='word_1_18' title='bbox 954 366 1052 393; x_wconf 92' lang='lat' dir='ltr'>nunc</span> <span class='ocrx_word' id='word_1_19' title='bbox 1078 353 1240 399; x_wconf 86' lang='lat' dir='ltr'>maxime</span> <span class='ocrx_word' id='word_1_20' title='bbox 1258 353 1341 406; x_wconf 89' lang='lat' dir='ltr'>pla-</span> 
     </span>
     <span class='ocr_line' id='line_1_6' title="bbox 133 418 1343 470; baseline 0 -12"><span class='ocrx_word' id='word_1_21' title='bbox 133 427 295 466; x_wconf 85' lang='lat' dir='ltr'>centem,</span> <span class='ocrx_word' id='word_1_22' title='bbox 328 431 478 459; x_wconf 87' lang='lat' dir='ltr'>arenam</span> <span class='ocrx_word' id='word_1_23' title='bbox 509 432 591 459; x_wconf 92' lang='lat' dir='ltr'>esse</span> <span class='ocrx_word' id='word_1_24' title='bbox 623 419 705 459; x_wconf 87' lang='lat' dir='ltr'>sine</span> <span class='ocrx_word' id='word_1_25' title='bbox 734 419 837 458; x_wconf 87' lang='lat' dir='ltr'>calce</span> <span class='ocrx_word' id='word_1_26' title='bbox 859 418 1052 460; x_wconf 87' lang='lat' dir='ltr'>dicebat*.</span> <span class='ocrx_word' id='word_1_27' title='bbox 1089 422 1133 458; x_wconf 89' lang='lat' dir='ltr'>Et</span> <span class='ocrx_word' id='word_1_28' title='bbox 1156 418 1343 470; x_wconf 87' lang='lat' dir='ltr'>loquimur</span> 
     </span>
    </p>

    <p class='ocr_par' dir='ltr' id='par_1_6' title="bbox 55 475 1344 862">
     <span class='ocr_line' id='line_1_7' title="bbox 55 475 1344 534; baseline 0 -11"><span class='ocrx_word' id='word_1_29' title='bbox 55 475 60 481; x_wconf 69' lang='grc'><em>’</em></span> <span class='ocrx_word' id='word_1_30' title='bbox 84 524 87 525; x_wconf 18' lang='lat'><em>⁷</em></span> <span class='ocrx_word' id='word_1_31' title='bbox 133 483 252 533; x_wconf 84' lang='lat' dir='ltr'>uiros,</span> <span class='ocrx_word' id='word_1_32' title='bbox 294 496 378 523; x_wconf 92' lang='lat' dir='ltr'>cum</span> <span class='ocrx_word' id='word_1_33' title='bbox 422 484 634 532; x_wconf 88' lang='lat' dir='ltr'>Leuntium,</span> <span class='ocrx_word' id='word_1_34' title='bbox 681 488 796 524; x_wconf 89' lang='lat' dir='ltr'>Greca</span> <span class='ocrx_word' id='word_1_35' title='bbox 834 484 978 532; x_wconf 85' lang='lat' dir='ltr'>mulier,</span> <span class='ocrx_word' id='word_1_36' title='bbox 1018 483 1111 534; x_wconf 86' lang='lat' dir='ltr'>imo,</span> <span class='ocrx_word' id='word_1_37' title='bbox 1141 493 1183 524; x_wconf 89' lang='lat' dir='ltr'>ut</span> <span class='ocrx_word' id='word_1_38' title='bbox 1214 483 1344 524; x_wconf 90' lang='lat' dir='ltr'>Cicero</span> 
     </span>
     <span class='ocr_line' id='line_1_8' title="bbox 129 547 1342 601; baseline 0.001 -14"><span class='ocrx_word' id='word_1_39' title='bbox 129 547 183 588; x_wconf 87' lang='lat' dir='ltr'>ait</span> <span class='ocrx_word' id='word_1_40' title='bbox 207 550 326 599; x_wconf 71' lang='lat'>(300),</span> <span class='ocrx_word' id='word_1_41' title='bbox 350 549 597 597; x_wconf 79' lang='lat' dir='ltr'>meretricula,</span> <span class='ocrx_word' id='word_1_42' title='bbox 620 559 747 589; x_wconf 89' lang='lat' dir='ltr'>contra</span> <span class='ocrx_word' id='word_1_43' title='bbox 769 548 1028 589; x_wconf 84' lang='lat' dir='ltr'>Theofrastum</span> <span class='ocrx_word' id='word_1_44' title='bbox 1054 557 1199 589; x_wconf 88' lang='lat' dir='ltr'>tanturn</span> <span class='ocrx_word' id='word_1_45' title='bbox 1221 548 1342 601; x_wconf 88' lang='lat' dir='ltr'>philo-</span> 
     </span>
     <span class='ocr_line' id='line_1_9' title="bbox 129 613 1342 669; baseline 0.002 -17"><span class='ocrx_word' id='word_1_46' title='bbox 129 613 332 666; x_wconf 53' lang='lat' dir='ltr'>sophum*</span> <span class='ocrx_word' id='word_1_47' title='bbox 354 613 516 654; x_wconf 85' lang='lat' dir='ltr'>scribere</span> <span class='ocrx_word' id='word_1_48' title='bbox 535 627 625 654; x_wconf 90' lang='lat' dir='ltr'>ausa</span> <span class='ocrx_word' id='word_1_49' title='bbox 654 614 779 655; x_wconf 86' lang='lat' dir='ltr'>sit***.</span> <span class='ocrx_word' id='word_1_50' title='bbox 802 614 893 669; x_wconf 85' lang='lat' dir='ltr'>Qis</span> <span class='ocrx_word' id='word_1_51' title='bbox 915 613 982 653; x_wconf 92' lang='lat' dir='ltr'>hec</span> <span class='ocrx_word' id='word_1_52' title='bbox 1002 613 1158 653; x_wconf 83' lang='lat' dir='ltr'>audiens</span> <span class='ocrx_word' id='word_1_53' title='bbox 1172 613 1342 666; x_wconf 85' lang='lat' dir='ltr'>indigne·</span> 
     </span>
     <span class='ocr_line' id='line_1_10' title="bbox 129 677 1342 732; baseline 0.002 -15"><span class='ocrx_word' id='word_1_54' title='bbox 129 686 192 718; x_wconf 89' lang='lat' dir='ltr'>tur</span> <span class='ocrx_word' id='word_1_55' title='bbox 217 677 253 718; x_wconf 90' lang='lat' dir='ltr'>in</span> <span class='ocrx_word' id='word_1_56' title='bbox 285 691 324 717; x_wconf 91' lang='lat' dir='ltr'>se</span> <span class='ocrx_word' id='word_1_57' title='bbox 350 678 490 732; x_wconf 87' lang='lat' dir='ltr'>aliquid</span> <span class='ocrx_word' id='word_1_58' title='bbox 517 679 608 730; x_wconf 87' lang='lat' dir='ltr'>dici,</span> <span class='ocrx_word' id='word_1_59' title='bbox 638 691 721 718; x_wconf 90' lang='lat' dir='ltr'>cum</span> <span class='ocrx_word' id='word_1_60' title='bbox 744 679 781 718; x_wconf 92' lang='lat' dir='ltr'>in</span> <span class='ocrx_word' id='word_1_61' title='bbox 808 680 901 719; x_wconf 83' lang='lat' dir='ltr'>tales</span> <span class='ocrx_word' id='word_1_62' title='bbox 926 691 947 717; x_wconf 92' lang='lat' dir='ltr'>a</span> <span class='ocrx_word' id='word_1_63' title='bbox 973 679 1110 718; x_wconf 87' lang='lat' dir='ltr'>talibus</span> <span class='ocrx_word' id='word_1_64' title='bbox 1134 678 1223 718; x_wconf 84' lang='lat' dir='ltr'>talia</span> <span class='ocrx_word' id='word_1_65' title='bbox 1241 678 1342 719; x_wconf 88' lang='lat' dir='ltr'>dicta</span> 
     </span>
     <span class='ocr_line' id='line_1_11' title="bbox 130 741 1343 796; baseline 0.002 -14"><span class='ocrx_word' id='word_1_66' title='bbox 130 741 302 783; x_wconf 52' lang='lat' dir='ltr'>sintm?</span> <span class='ocrx_word' id='word_1_67' title='bbox 321 743 381 783; x_wconf 88' lang='lat' dir='ltr'>Nil</span> <span class='ocrx_word' id='word_1_68' title='bbox 397 753 566 796; x_wconf 88' lang='lat' dir='ltr'>superest</span> <span class='ocrx_word' id='word_1_69' title='bbox 579 743 694 792; x_wconf 89' lang='lat' dir='ltr'>aliud,</span> <span class='ocrx_word' id='word_1_70' title='bbox 714 743 802 792; x_wconf 87' lang='lat' dir='ltr'>nisi,</span> <span class='ocrx_word' id='word_1_71' title='bbox 824 753 947 784; x_wconf 90' lang='lat' dir='ltr'>utnon</span> <span class='ocrx_word' id='word_1_72' title='bbox 961 743 1081 782; x_wconf 88' lang='lat' dir='ltr'>dicam</span> <span class='ocrx_word' id='word_1_73' title='bbox 1097 753 1134 783; x_wconf 90' lang='lat' dir='ltr'>te</span> <span class='ocrx_word' id='word_1_74' title='bbox 1151 743 1343 796; x_wconf 89' lang='lat' dir='ltr'>etaliquot</span> 
     </span>
     <span class='ocr_line' id='line_1_12' title="bbox 129 807 1343 862; baseline 0.001 -15"><span class='ocrx_word' id='word_1_75' title='bbox 129 819 286 860; x_wconf 87' lang='lat' dir='ltr'>paucos,</span> <span class='ocrx_word' id='word_1_76' title='bbox 307 808 371 861; x_wconf 90' lang='lat' dir='ltr'>qui</span> <span class='ocrx_word' id='word_1_77' title='bbox 392 808 438 847; x_wconf 90' lang='lat' dir='ltr'>ad</span> <span class='ocrx_word' id='word_1_78' title='bbox 458 809 659 848; x_wconf 91' lang='lat' dir='ltr'>amandum</span> <span class='ocrx_word' id='word_1_79' title='bbox 678 821 753 848; x_wconf 93' lang='lat' dir='ltr'>non</span> <span class='ocrx_word' id='word_1_80' title='bbox 775 809 894 862; x_wconf 86' lang='lat' dir='ltr'>egetis</span> <span class='ocrx_word' id='word_1_81' title='bbox 915 808 1090 857; x_wconf 87' lang='lat' dir='ltr'>stimulis,</span> <span class='ocrx_word' id='word_1_82' title='bbox 1113 808 1176 848; x_wconf 91' lang='lat' dir='ltr'>sed</span> <span class='ocrx_word' id='word_1_83' title='bbox 1200 807 1343 848; x_wconf 86' lang='lat' dir='ltr'>amicos</span> 
     </span>
    </p>

    <p class='ocr_par' dir='ltr' id='par_1_7' title="bbox 66 871 1371 1174">
     <span class='ocr_line' id='line_1_13' title="bbox 66 871 1356 925; baseline 0.001 -14"><span class='ocrx_word' id='word_1_84' title='bbox 66 914 72 916; x_wconf 26' lang='lat' dir='ltr'><em>f</em></span> <span class='ocrx_word' id='word_1_85' title='bbox 130 871 294 924; x_wconf 85' lang='lat' dir='ltr'>reliquos</span> <span class='ocrx_word' id='word_1_86' title='bbox 305 885 554 925; x_wconf 81' lang='lat' dir='ltr'>censoresque</span> <span class='ocrx_word' id='word_1_87' title='bbox 566 873 673 912; x_wconf 86' lang='lat' dir='ltr'>simul</span> <span class='ocrx_word' id='word_1_88' title='bbox 693 887 796 913; x_wconf 87' lang='lat' dir='ltr'>meos</span> <span class='ocrx_word' id='word_1_89' title='bbox 813 886 940 925; x_wconf 85' lang='lat' dir='ltr'>precer</span> <span class='ocrx_word' id='word_1_90' title='bbox 953 883 1068 925; x_wconf 90' lang='lat' dir='ltr'>atque</span> <span class='ocrx_word' id='word_1_91' title='bbox 1082 872 1356 922; x_wconf 25' lang='lat' dir='ltr'>obsecrem‚⁴u⁴b</span> 
     </span>
     <span class='ocr_line' id='line_1_14' title="bbox 125 935 1340 990; baseline 0.002 -14"><span class='ocrx_word' id='word_1_92' title='bbox 125 935 306 990; x_wconf 85' lang='lat' dir='ltr'>deinceps</span> <span class='ocrx_word' id='word_1_93' title='bbox 323 951 395 987; x_wconf 88' lang='lat' dir='ltr'>me,</span> <span class='ocrx_word' id='word_1_94' title='bbox 419 937 487 978; x_wconf 85' lang='lat' dir='ltr'>etsi</span> <span class='ocrx_word' id='word_1_95' title='bbox 508 951 583 978; x_wconf 89' lang='lat' dir='ltr'>non</span> <span class='ocrx_word' id='word_1_96' title='bbox 601 948 641 978; x_wconf 90' lang='lat' dir='ltr'>ut</span> <span class='ocrx_word' id='word_1_97' title='bbox 662 938 850 977; x_wconf 89' lang='lat' dir='ltr'>hominem</span> <span class='ocrx_word' id='word_1_98' title='bbox 873 938 1074 988; x_wconf 86' lang='lat' dir='ltr'>literatum,</span> <span class='ocrx_word' id='word_1_99' title='bbox 1095 948 1133 978; x_wconf 90' lang='lat' dir='ltr'>at</span> <span class='ocrx_word' id='word_1_100' title='bbox 1153 947 1194 978; x_wconf 92' lang='lat' dir='ltr'>ut</span> <span class='ocrx_word' id='word_1_101' title='bbox 1219 938 1340 978; x_wconf 86' lang='lat' dir='ltr'>uirum</span> 
     </span>
     <span class='ocr_line' id='line_1_15' title="bbox 126 1000 1371 1065; baseline 0.003 -25"><span class='ocrx_word' id='word_1_102' title='bbox 126 1000 280 1051; x_wconf 91' lang='lat' dir='ltr'>bonum,</span> <span class='ocrx_word' id='word_1_103' title='bbox 307 1002 337 1041; x_wconf 86' lang='lat' dir='ltr'>si</span> <span class='ocrx_word' id='word_1_104' title='bbox 361 1015 407 1042; x_wconf 91' lang='lat' dir='ltr'>ne</span> <span class='ocrx_word' id='word_1_105' title='bbox 435 1002 471 1041; x_wconf 93' lang='lat' dir='ltr'>id</span> <span class='ocrx_word' id='word_1_106' title='bbox 495 1002 661 1054; x_wconf 90' lang='lat' dir='ltr'>quidem,</span> <span class='ocrx_word' id='word_1_107' title='bbox 691 1012 731 1043; x_wconf 88' lang='lat' dir='ltr'>ut</span> <span class='ocrx_word' id='word_1_108' title='bbox 762 1003 940 1052; x_wconf 89' lang='lat' dir='ltr'>amicum,</span> <span class='ocrx_word' id='word_1_109' title='bbox 975 1002 1136 1055; x_wconf 89' lang='lat' dir='ltr'>denique</span> <span class='ocrx_word' id='word_1_110' title='bbox 1167 1003 1198 1043; x_wconf 90' lang='lat' dir='ltr'>si</span> <span class='ocrx_word' id='word_1_111' title='bbox 1226 1002 1371 1065; x_wconf 59' lang='lat' dir='ltr'>amich</span> 
     </span>
     <span class='ocr_line' id='line_1_16' title="bbox 127 1066 1341 1120; baseline 0.002 -15"><span class='ocrx_word' id='word_1_112' title='bbox 127 1070 264 1106; x_wconf 89' lang='lat' dir='ltr'>nomen</span> <span class='ocrx_word' id='word_1_113' title='bbox 293 1080 359 1119; x_wconf 91' lang='lat' dir='ltr'>pre</span> <span class='ocrx_word' id='word_1_114' title='bbox 385 1066 532 1108; x_wconf 84' lang='lat' dir='ltr'>uirtutis</span> <span class='ocrx_word' id='word_1_115' title='bbox 567 1068 692 1120; x_wconf 84' lang='lat' dir='ltr'>inopia</span> <span class='ocrx_word' id='word_1_116' title='bbox 726 1081 799 1107; x_wconf 90' lang='lat' dir='ltr'>non</span> <span class='ocrx_word' id='word_1_117' title='bbox 840 1080 1038 1118; x_wconf 87' lang='lat' dir='ltr'>meremur,</span> <span class='ocrx_word' id='word_1_118' title='bbox 1069 1078 1107 1108; x_wconf 93' lang='lat' dir='ltr'>at</span> <span class='ocrx_word' id='word_1_119' title='bbox 1132 1069 1270 1109; x_wconf 79' lang='lat' dir='ltr'>saltem</span> <span class='ocrx_word' id='word_1_120' title='bbox 1300 1077 1341 1108; x_wconf 91' lang='lat' dir='ltr'>ut</span> 
     </span>
     <span class='ocr_line' id='line_1_17' title="bbox 127 1129 986 1174; baseline 0.002 -4"><span class='ocrx_word' id='word_1_121' title='bbox 127 1129 342 1171; x_wconf 87' lang='lat' dir='ltr'>beniuolum</span> <span class='ocrx_word' id='word_1_122' title='bbox 365 1141 403 1172; x_wconf 90' lang='lat' dir='ltr'>et</span> <span class='ocrx_word' id='word_1_123' title='bbox 424 1142 610 1172; x_wconf 88' lang='lat' dir='ltr'>amantem</span> <span class='ocrx_word' id='word_1_124' title='bbox 631 1142 771 1174; x_wconf 89' lang='lat' dir='ltr'>ament.</span> <span class='ocrx_word' id='word_1_125' title='bbox 793 1137 986 1173; x_wconf 66' lang='lat' dir='ltr'>Expucff.</span> 
     </span>
    </p>
   </div>
   <div class='ocr_carea' id='block_1_5' title="bbox 0 1302 1340 1548">
    <p class='ocr_par' dir='ltr' id='par_1_8' title="bbox 0 1302 1340 1548">
     <span class='ocr_line' id='line_1_18' title="bbox 165 1302 1340 1347; baseline 0.003 -14"><span class='ocrx_word' id='word_1_126' title='bbox 165 1302 180 1317; x_wconf 75' lang='lat'>⁸</span> <span class='ocrx_word' id='word_1_127' title='bbox 203 1305 303 1334; x_wconf 79' lang='lat' dir='ltr'>&#39;route</span> <span class='ocrx_word' id='word_1_128' title='bbox 327 1309 406 1334; x_wconf 88' lang='lat' dir='ltr'>cette</span> <span class='ocrx_word' id='word_1_129' title='bbox 426 1304 535 1344; x_wconf 81' lang='lat' dir='ltr'>phrase</span> <span class='ocrx_word' id='word_1_130' title='bbox 557 1311 601 1334; x_wconf 86' lang='lat' dir='ltr'>est</span> <span class='ocrx_word' id='word_1_131' title='bbox 625 1304 746 1344; x_wconf 73' lang='lat' dir='ltr'>ajoutee</span> <span class='ocrx_word' id='word_1_132' title='bbox 767 1314 804 1335; x_wconf 85' lang='lat' dir='ltr'>au</span> <span class='ocrx_word' id='word_1_133' title='bbox 829 1305 881 1336; x_wconf 82' lang='lat' dir='ltr'>bas</span> <span class='ocrx_word' id='word_1_134' title='bbox 905 1305 941 1336; x_wconf 89' lang='lat' dir='ltr'>de</span> <span class='ocrx_word' id='word_1_135' title='bbox 968 1305 995 1335; x_wconf 81' lang='lat' dir='ltr'>la</span> <span class='ocrx_word' id='word_1_136' title='bbox 1021 1314 1108 1347; x_wconf 83' lang='lat' dir='ltr'>page,</span> <span class='ocrx_word' id='word_1_137' title='bbox 1140 1315 1212 1337; x_wconf 85' lang='lat' dir='ltr'>avec</span> <span class='ocrx_word' id='word_1_138' title='bbox 1234 1305 1340 1337; x_wconf 83' lang='lat' dir='ltr'>renvoi</span> 
     </span>
     <span class='ocr_line' id='line_1_19' title="bbox 0 1348 346 1391; baseline 0.006 -12"><span class='ocrx_word' id='word_1_139' title='bbox 0 1366 5 1391; x_wconf 67' lang='lat'><em>5</em></span> <span class='ocrx_word' id='word_1_140' title='bbox 123 1348 201 1380; x_wconf 79' lang='lat' dir='ltr'>dans</span> <span class='ocrx_word' id='word_1_141' title='bbox 214 1350 241 1380; x_wconf 89' lang='lat' dir='ltr'>le</span> <span class='ocrx_word' id='word_1_142' title='bbox 254 1356 346 1381; x_wconf 82' lang='lat' dir='ltr'>texte.</span> 
     </span>
     <span class='ocr_line' id='line_1_20' title="bbox 0 1396 398 1438; baseline 0.005 -11"><span class='ocrx_word' id='word_1_143' title='bbox 0 1396 9 1436; x_wconf 71' lang='lat' dir='ltr'>&#39;t</span> <span class='ocrx_word' id='word_1_144' title='bbox 164 1397 194 1412; x_wconf 65' lang='lat'><strong>⁹</strong></span> <span class='ocrx_word' id='word_1_145' title='bbox 214 1397 279 1428; x_wconf 76' lang='lat' dir='ltr'><strong>Fol.</strong></span> <span class='ocrx_word' id='word_1_146' title='bbox 300 1407 334 1438; x_wconf 88' lang='lat'>37</span> <span class='ocrx_word' id='word_1_147' title='bbox 355 1405 398 1429; x_wconf 70' lang='grc' dir='ltr'>νῦ.</span> 
     </span>
     <span class='ocr_line' id='line_1_21' title="bbox 0 1442 770 1487; baseline 0.003 -12"><span class='ocrx_word' id='word_1_148' title='bbox 0 1447 4 1475; x_wconf 73' lang='grc' dir='ltr'>ἰ</span> <span class='ocrx_word' id='word_1_149' title='bbox 167 1442 211 1459; x_wconf 71' lang='lat'>*¹⁸*</span> <span class='ocrx_word' id='word_1_150' title='bbox 228 1444 322 1484; x_wconf 72' lang='lat' dir='ltr'>Apres</span> <span class='ocrx_word' id='word_1_151' title='bbox 340 1445 388 1484; x_wconf 85' lang='lat' dir='ltr'>sit,</span> <span class='ocrx_word' id='word_1_152' title='bbox 403 1445 430 1476; x_wconf 90' lang='lat' dir='ltr'>le</span> <span class='ocrx_word' id='word_1_153' title='bbox 447 1446 534 1487; x_wconf 84' lang='lat' dir='ltr'>signe</span> <span class='ocrx_word' id='word_1_154' title='bbox 547 1446 614 1486; x_wconf 70' lang='lat' dir='ltr'>de&#39;ja</span> <span class='ocrx_word' id='word_1_155' title='bbox 635 1446 770 1487; x_wconf 89' lang='lat' dir='ltr'>indique&#39;.</span> 
     </span>
     <span class='ocr_line' id='line_1_22' title="bbox 0 1487 834 1548; baseline 0.004 -27"><span class='ocrx_word' id='word_1_156' title='bbox 0 1487 7 1548; x_wconf 44' lang='grc' dir='ltr'>’ξ</span> <span class='ocrx_word' id='word_1_157' title='bbox 168 1491 226 1507; x_wconf 70' lang='lat'>*²⁸²⁸*</span> <span class='ocrx_word' id='word_1_158' title='bbox 246 1491 340 1532; x_wconf 77' lang='lat' dir='ltr'>Apres</span> <span class='ocrx_word' id='word_1_159' title='bbox 355 1493 424 1531; x_wconf 85' lang='lat' dir='ltr'>sint,</span> <span class='ocrx_word' id='word_1_160' title='bbox 444 1493 470 1524; x_wconf 83' lang='lat' dir='ltr'>le</span> <span class='ocrx_word' id='word_1_161' title='bbox 489 1493 574 1534; x_wconf 83' lang='lat' dir='ltr'>signe</span> <span class='ocrx_word' id='word_1_162' title='bbox 593 1493 659 1534; x_wconf 72' lang='lat' dir='ltr'>deja</span> <span class='ocrx_word' id='word_1_163' title='bbox 680 1493 834 1534; x_wconf 82' lang='lat' dir='ltr'>indique.-</span> 
     </span>
    </p>
   </div>
  </div>
 </body>
</html>
