1494 2600
604 217 816 266 „63—

105 303 276 346 clariore.
290 308 337 344 At
350 304 451 356 quod
463 303 655 356 sequitur*
667 303 751 356 quis
762 302 854 343 ferat
866 302 903 343 ?«
913 306 995 346 Oue
1006 301 1163 350 molitio,
1176 302 1309 355 inquit,

103 382 178 422 que
198 368 445 410 ferramenta?
467 369 531 421 qui
556 378 681 409 uectes
697 368 812 420 ?·que
837 367 1035 407 machine?
1059 367 1123 420 qui
1154 367 1315 407 ministri

104 434 198 475 tanti
223 434 430 474 muneris**
449 433 622 474 fuerunt?
640 433 961 488 Qemadmodum
977 442 1100 473 autem
1113 432 1266 472 obedire
1276 442 1311 472 et

103 512 233 551 parere
253 499 437 540 uoluntati
465 498 671 545 architecti,
694 511 770 546 aer,
790 498 900 551 ignis,
926 510 1036 549 aqua,
1060 507 1154 537 terra
1178 507 1312 550 potue-

102 573 187 604 runt
197 564 398 618 ?»Q1estio
411 563 615 604 diffidentis
626 573 662 604 et
676 562 871 616 irreligiosi
882 563 1007 604 animi.
1028 567 1079 602 Ita
1094 563 1192 602 enim
1204 563 1310 615 quasi

100 630 147 669 de
167 628 324 682 lignario
340 639 405 669 aut
430 628 581 668 ferrario
601 627 706 668 fabro
734 628 869 680 querit,
893 641 967 667 non
997 628 1044 666 de
1064 627 1142 676 illo,
1165 628 1212 666 de
1235 641 1313 680 quo

100 694 278 746 scriptum
305 703 380 734 est:
413 709 432 733 «
465 698 548 746 Ipse
575 693 683 742 dixit,
713 702 749 733 et
774 692 870 733 facta
899 702 1025 732 sunt»
1055 693 1176 745 (193).
1210 693 1311 732 Dixit

97 767 221 799 autem
230 772 305 799 non
315 759 430 799 uerbo
442 758 602 807 uolatili‚
613 771 657 798 ne
668 758 855 797 laborasse
867 758 924 797 uel
937 757 1099 797 iubendo
1107 757 1306 807 somnient,

98 834 138 864 ut
147 825 261 864 multa
271 833 357 864 sunt
368 823 482 872 soliti,
496 823 559 863 sed
573 836 637 876 per
649 823 802 862 uerbum
815 823 999 862 internum
1014 822 1160 873 sibique
1171 833 1314 863 coeter-

98 902 202 938 num,
223 889 324 942 quod
345 898 422 929 erat
440 888 477 928 in
498 888 684 941 principio
695 888 793 940 apud
809 887 1061 939 Deum(194l‚
1078 892 1179 927 Deus
1199 901 1308 927 uerus

96 955 143 994 de
162 959 240 995 Deo
261 967 363 1004 uero,
386 952 716 994 consubstantialis
739 952 849 1005 patri,
874 966 939 1005 per
961 965 1071 1004 quern
1096 952 1193 993 facta
1221 963 1307 993 sunt

97 1019 235 1061 omnia.
261 1020 330 1059 Hic
350 1018 516 1072 profecto
540 1018 719 1058 mundum
742 1017 830 1057 fecit
862 1030 907 1057 ex
935 1017 1088 1066 nichilo,
1118 1018 1175 1057 vel
1194 1018 1239 1066 si,
1267 1029 1308 1059 ut

97 1084 309 1137 philosophi
329 1084 482 1137 quidam
506 1084 651 1130 uolunt,
670 1095 714 1122 ex
734 1081 881 1122 informi
898 1083 1064 1131 materia,
1078 1095 1190 1134 quam
1206 1084 1304 1135 ylem

97 1149 181 1189 Grai
198 1139 438 1202 quidam,alij
458 1149 590 1188 siluam
612 1157 762 1197 uocant,
784 1147 904 1188 factus
926 1157 982 1188 est
999 1148 1159 1187 mundus
1179 1151 1301 1200 (195).

97 1219 174 1254 Hec
194 1215 288 1267 ipsa,
313 1224 353 1255 ut
371 1214 424 1254 ait
448 1213 693 1267 Augustinus,
716 1212 813 1253 facta
837 1222 893 1253 est
912 1213 958 1252 de
975 1213 1128 1252 omnino
1148 1213 1304 1256 nichilo.

96 1279 212 1327 Fecit,
244 1280 410 1331 inquam,
445 1283 545 1318 Deus
581 1278 693 1331 igitur
726 1278 904 1317 mundum
944 1277 1058 1317 uerbo
1091 1277 1170 1326 illo,
1202 1279 1302 1331 quod

95 1345 276 1396 Epicurus
300 1354 336 1385 et
359 1344 415 1384 sui
435 1356 543 1383 nosse
557 1356 632 1383 non
647 1352 833 1395 poterant,
847 1343 963 1383 nostri
984 1356 1072 1382 uero
1089 1342 1303 1396 philosophi

94 1423 167 1449 non
190 1409 416 1463 dignantur;
438 1422 557 1461 eoque
585 1418 671 1448 sunt
691 1408 825 1460 priscis
858 1408 930 1448 illis
957 1408 1298 1449 inexcusabiliores.

95 1478 226 1515 Potest
252 1468 362 1514 etiam
396 1474 473 1514 linx
504 1474 541 1513 in
573 1473 734 1513 tenebris
771 1486 846 1514 non
882 1472 1034 1523 uidere3
1056 1474 1119 1525 qui
1153 1473 1189 1512 in
1221 1474 1306 1514 luce

92 1539 231 1591 apertis
251 1539 369 1579 oculis
380 1551 456 1578 non
468 1538 583 1585 uidet,
598 1539 709 1590 plane
728 1547 783 1578 est
803 1551 913 1578 cecus
923 1538 992 1580 ***.
1008 1543 1068 1587 At,
1089 1539 1187 1590 quod
1201 1540 1300 1591 apud

92 1604 215 1656 ipsum
237 1604 449 1645 Ciceronem
471 1604 509 1643 in
530 1615 706 1655 processu
721 1603 887 1655 queritur
902 1603 1021 1655 (196),
1035 1603 1226 1655 quomodo
1237 1605 1300 1656 qui

93 1669 270 1709 mundum
303 1678 431 1709 natum
453 1682 515 1709 seu
542 1667 682 1708 factum
714 1667 974 1716 introduxerit,
998 1667 1028 1707 is
1051 1681 1134 1707 eum
1166 1669 1300 1708 dixerit

90 1733 168 1774 fore
200 1734 482 1787 sempiternum,
518 1734 614 1772 haud
654 1733 790 1773 iniuste
824 1733 975 1785 quidem
1009 1733 1189 1785 queritur.
1223 1738 1301 1774 Nos

90 1809 215 1840 autern
227 1809 264 1840 et
280 1798 506 1851 principium
522 1798 694 1838 habuisse
706 1807 742 1838 et
761 1797 870 1837 finem
894 1797 1105 1838 habiturum
1119 1799 1299 1838 mundum

90 1864 344 1906 dicimusw.
368 1864 432 1903 Illa
454 1877 527 1916 que
552 1863 719 1915 sequitur
751 1875 847 1902 uana
881 1862 1014 1916 magis,
1037 1863 1100 1902 sed
1134 1863 1300 1917 uulgaris

92 1938 148 1969 est
161 1929 322 1982 questio.
340 1943 360 1967 <<
372 1928 562 1978 sciscitor,
577 1928 697 1980 inquit
718 1930 907 1979 (197)‚cur
925 1928 1052 1967 mundi
1068 1928 1301 1969 edificatores

130 2077 144 2092 ³
166 2078 230 2110 Fol.
251 2087 286 2109 22
306 2081 349 2108 v⁰.

130 2124 159 2142 *¹⁸
176 2129 214 2156 Le
228 2132 290 2156 mot
311 2125 439 2156 muneris
457 2130 501 2155 est
520 2123 592 2154 ecrit
611 2133 663 2154 sur
682 2133 722 2154 un
740 2129 880 2164 grattage
893 2130 923 2154 et
942 2123 1043 2164 repete
1061 2124 1136 2155 dans
1153 2124 1179 2155 la
1196 2133 1298 2166 marge

90 2171 126 2203 de
149 2172 258 2204 droite.

130 2219 172 2235 „a
196 2219 235 2250 {ci
252 2219 279 2250 le
295 2219 382 2261 signe
394 2219 431 2250 de
449 2218 646 2259 ponctuation
661 2217 727 2257 deja
744 2217 859 2258 signal&
880 2218 1030 2258 plusieurs
1047 2218 1117 2251 fois.

130 2266 187 2283 Μ
211 2267 251 2298 lci
269 2267 296 2298 le
312 2267 399 2308 signe
416 2266 453 2297 de
467 2264 667 2306 ponctuation
685 2263 751 2304 deja
772 2264 899 2306 signale'.
