1494 2600
689 218 896 256 ...62-

193 319 213 343 <r
238 305 402 344 Nimium
424 304 639 344 altercando
668 305 804 345 ueritas
832 305 1014 346 amittitur
1033 320 1051 344 ›>
1076 306 1194 356 (187),
1217 307 1281 346 sed
1305 307 1395 348 illud

191 369 400 410 Salomonis
410 369 661 409 autenticum:
678 384 697 408 ε(
712 369 831 409 Verba
847 380 933 410 sunt
946 370 1104 422 plurima
1117 371 1346 423 multamque
1359 371 1396 411 in

190 434 417 485 disputando
435 433 607 473 habentia
620 434 821 478 uanitatem
838 435 965 485 (188)»
982 449 991 485 ;
1009 444 1073 474 aut
1090 434 1180 474 illud
1201 436 1394 487 Apostoli:

194 515 213 538 «
239 499 371 550 Siquis
387 509 511 539 autem
533 498 680 539 uidetur
700 500 956 539 contentiosus
968 513 1062 547 esse,
1084 513 1152 540 nos
1171 501 1282 540 talem
1303 513 1395 540 con·
1418 537 1421 542 .

191 564 424 604 suetudinem
463 576 538 603 non
568 563 760 612 habemus,
784 577 908 616 neque
938 565 1094 604 ecclesia
1122 565 1188 604 Dei
1218 579 1238 604 ›>
1268 565 1396 618 (189);

189 640 302 681 atque
327 628 417 668 illud
441 628 629 668 eiusdem:
655 643 675 667 «
698 629 831 669 Videte
861 642 906 668 ne
935 629 1019 682 quis
1046 643 1114 669 uos
1142 629 1308 682 decipiat
1333 625 1399 682 per

190 693 468 748 philosophiam
495 703 531 733 et
551 693 696 733 inanem
717 693 918 743 fallaciam,
933 694 1138 734 secundum
1159 695 1394 735 traditionem

190 759 400 808 hominum,
431 759 635 798 secundum
667 760 848 799 elementa
871 759 1014 807 mundi,
1037 769 1076 799 et
1098 772 1173 798 non
1193 760 1395 799 secundum

191 826 349 866 Cristum
388 839 407 863 ›>
429 827 547 877 (190).
579 825 680 879 Qid
707 834 763 865 est
781 834 906 864 autem
932 823 1003 864 hoc
1029 825 1134 877 quod·
1151 825 1311 877 loquor?
1333 834 1398 865 aut

187 890 377 943 quomodo
397 890 509 942 paulo
542 903 704 942 unquam
725 889 930 929 credituros
951 889 1117 942 sperem?
1139 893 1195 928 An
1219 902 1292 929 non
1318 889 1399 942 ipse

190 955 298 996 Cristi
330 955 550 1007 discipulus,
576 968 651 1007 quo
675 954 854 1007 magistro
882 954 1036 1007 gratior,
1065 967 1109 994 eo
1137 954 1218 995 istis
1243 953 1399 994 inuisior

187 1019 535 1072 contemptiorque?
558 1019 641 1071 quis
664 1032 789 1058 aurem
811 1019 942 1059 odioso
959 1032 1121 1071 unquam
1143 1018 1290 1071 prebuit
1309 1031 1396 1059 con-

186 1085 343 1125 sultori?
364 1090 448 1125 Non
467 1084 496 1124 si
518 1084 674 1133 amicus,
694 1097 769 1124 non
791 1084 821 1123 si
844 1084 924 1135 ipse
943 1082 1088 1123 frenum
1106 1084 1264 1137 stringat
1290 1085 1391 1135 (191)

188 1150 412 1198 Aristotiles‚
447 1150 667 1201 quiescent:
700 1159 825 1189 tantus
861 1158 918 1188 est
952 1149 1127 1201 impetus,
1155 1157 1258 1189 tanta
1280 1148 1394 1188 animi

185 1215 388 1263 temeritas,
422 1224 548 1272 tantnus
576 1224 713 1262 tumor,
745 1223 848 1254 tanta
878 1213 1128 1266 philosophici
1156 1213 1332 1263 nominis,
1358 1223 1395 1254 et

186 1290 261 1320 tam
284 1292 379 1319 uana
404 1279 592 1333 iactantia,
616 1288 719 1319 tanta
740 1278 902 1330 denique
927 1278 1146 1330 opinionum
1168 1277 1394 1330 peruicacia,

187 1355 223 1385 et
269 1344 548 1397 peregrinorum
600 1344 818 1396 dogmatum
864 1353 1099 1395 uentoseque
1131 1343 1400 1395 disputationis

186 1408 430 1461 improbitas!
481 1409 594 1448 Cuius
641 1408 731 1447 illud
778 1421 888 1460 supra
925 1407 1090 1459 positum
1137 1407 1233 1447 inter
1282 1408 1396 1448 multa

185 1473 411 1520 damnabile,
444 1473 545 1525 quod
582 1483 796 1513 coeternum
828 1477 907 1512 Deo
931 1472 1111 1511 mundum
1148 1472 1291 1514 uolunt.
1323 1472 1394 1512 Ubi

185 1538 358 1591 profanas
406 1539 488 1578 illas
529 1538 786 1578 cantiunculas
830 1538 935 1591 graui
982 1550 1058 1577 non
1111 1536 1191 1576 sine
1227 1546 1395 1577 stomaco

184 1603 317 1643 solitus
344 1617 424 1643 sum
460 1603 602 1651 audire,
637 1616 730 1655 quas
768 1603 803 1642 hi
847 1602 962 1642 nostri
991 1602 1029 1642 in
1068 1602 1190 1652 triuijs
1227 1602 1392 1653 passim3

182 1669 282 1721 apud
309 1668 522 1709 Ciceronem
558 1681 647 1708 uero
671 1667 849 1715 Velleius,
885 1666 1033 1719 Epicuri
1066 1666 1226 1719 partium
1261 1666 1391 1706 defen-

183 1747 258 1782 sor,
297 1733 419 1786 querit
456 1733 512 1773 his
550 1732 695 1773 uerbis:
725 1747 745 1771 «
772 1732 915 1786 Quibus
945 1731 1062 1779 enirn,
1105 1731 1225 1783 inquit
1270 1733 1390 1784 (192),

183 1799 300 1839 oculis
329 1798 443 1838 animi
478 1798 612 1838 intueri
645 1797 767 1850 potuit
798 1798 906 1837 Plato
942 1796 1123 1836 fabricam
1162 1796 1263 1836 illam
1298 1796 1392 1837 tanti

182 1864 319 1916 operis,
360 1877 433 1916 qua
478 1863 642 1903 construi
683 1876 704 1902 a
748 1863 818 1902 deo
855 1872 968 1913 atque
1004 1860 1166 1901 edificari
1211 1861 1390 1900 mundum

179 1928 295 1969 facit?
323 1943 343 1967 »
371 1933 501 1968 Potest
532 1938 734 1979 utcumque
754 1928 821 1967 hec
853 1926 1095 1979 interrogatio
1125 1925 1287 1974 tolerari,
1319 1926 1390 1966 nisi

180 1994 279 2046 quod
320 1994 392 2033 iam
425 1993 616 2046 querendo
645 2005 863 2045 responsum
903 2001 972 2040 est,
998 1991 1134 2044 quibus
1166 1990 1235 2031 hec
1271 1990 1390 2030 oculis

181 2059 275 2099 uidit
315 2060 438 2107 Plato,
475 2071 610 2110 nempe
635 2057 764 2105 animi,
785 2056 921 2110 quibus
951 2055 1154 2096 inuisibilia
1173 2065 1386 2104 cernuntur,

179 2134 216 2164 et
253 2124 389 2176 quibus
426 2123 520 2175 ipse,
560 2132 601 2163 ut
631 2122 878 2175 philosophus
910 2121 1024 2161 fretus
1061 2121 1250 2161 acerrimis
1276 2130 1389 2172 atque

181 2189 410 2237 clarissimis,
455 2188 571 2228 multa
606 2187 734 2238 uidit;
770 2187 943 2239 quamuis
980 2186 1027 2225 ad
1070 2186 1164 2225 hanc
1203 2185 1386 2225 uisionem

180 2253 295 2294 nostri
320 2253 474 2306 propius
502 2252 739 2301 accesserint,
760 2264 835 2291 non
861 2238 946 2291 uisu'
974 2250 1124 2303 quidem
1151 2250 1214 2290 sed
1248 2249 1387 2290 lumine
