1494 2600
592 183 643 189 .-
679 172 722 210 19
750 182 804 188 —

93 248 317 290 discernere.
350 248 456 288 Nitar
480 257 619 296 tamen,
646 257 687 287 ut
705 247 801 288 sicut
820 258 909 288 tunc
939 247 1103 301 Gophiro
1126 247 1301 288 incolumi

97 313 214 354 hostis
245 313 436 363 occubuit,
472 313 525 353 sic
560 312 749 353 confutata
787 325 887 353 nunc
929 322 965 353 et
1000 322 1191 366 perempta
1226 312 1302 352 acri

94 378 253 429 inuidia,
277 378 398 419 dulcis
419 378 582 418 amicitia
615 378 717 418 salua
757 378 829 428 sit;
854 391 928 430 que
969 378 999 418 si
1039 391 1123 418 uera
1160 387 1228 427 est,
1253 377 1300 417 ad

91 443 196 496 quod
212 443 420 483 necessaria
436 455 522 483 uera
542 453 598 483 est
621 443 753 492 uirtus,
767 442 829 483 ubi
850 456 925 483 non
948 443 1054 484 aliter
1068 443 1143 482 fieri
1165 442 1298 495 possit,

94 508 258 548 extincta
281 508 423 548 inuidia
436 508 508 548 ledi
522 508 801 560 mauult‚quam
823 507 885 548 illa
900 508 1099 560 superstite
1116 520 1303 560 supraque

92 585 134 613 se
152 583 330 627 regnante
352 586 425 612 non
447 573 534 614 ledi.

687 773 715 807 11

148 897 224 939 Sed
246 897 318 937 iam
340 898 492 937 tandem
514 897 634 950 ipsam
678 911 753 937 rem
780 897 993 951 aggrediar,
1021 910 1107 937 mox
1140 907 1180 938 ut
1200 898 1301 950 loqui

94 975 241 1016 cepere,
263 972 313 1011 et,
337 963 374 1002 ni
407 962 528 1010 fallor,
550 972 749 1015 antequam
781 963 958 1014 ceperim,
984 972 1111 1002 notam
1138 962 1205 1002 tibi
1229 976 1304 1002 non

94 1028 200 1069 aliter
230 1040 342 1080 quam
372 1027 498 1076 michi,
522 1040 641 1079 eoque
671 1027 829 1067 fortasse
862 1028 1060 1076 notiorem,
1083 1041 1159 1080 quo
1192 1027 1303 1068 amici

94 1092 192 1132 fame
209 1105 322 1146 quam
348 1092 497 1145 proprie
525 1092 727 1132 studiosior
747 1103 803 1133 est
817 1093 976 1143 amicus,
995 1103 1031 1133 et
1057 1092 1202 1132 facilius
1221 1093 1303 1146 qui-

95 1158 178 1198 dem
214 1167 251 1198 et
273 1157 466 1198 honestius
489 1157 696 1206 irascimur,
728 1158 758 1198 si
789 1158 877 1210 quid
913 1158 950 1197 in
987 1157 1127 1198 amicos
1162 1157 1304 1198 dictum

94 1222 217 1272 fuerit,
239 1236 351 1276 quam
368 1222 397 1262 si
419 1222 456 1262 in
476 1235 558 1262 nos.
585 1227 712 1275 ltaque
730 1223 835 1263 multi
854 1236 920 1262 sua
935 1236 1108 1275 spreuere
1123 1223 1302 1272 conuitia‚

94 1298 209 1340 atque
230 1287 316 1327 hinc
336 1288 475 1327 laudati
497 1297 597 1330 sunt.
626 1287 745 1327 Amici
770 1300 879 1327 nemo
909 1288 1131 1340 tranquillus
1152 1288 1306 1329 iniurias

97 1354 155 1393 uel
179 1362 349 1405 spectare
383 1352 506 1406 potuit
540 1354 599 1393 uel
637 1353 779 1394 audire.
818 1357 948 1406 Neque
969 1353 1067 1392 enim
1105 1366 1170 1405 par
1190 1353 1304 1393 animi

97 1417 315 1470 magnitudo
359 1427 415 1457 est
454 1416 585 1457 alienis
620 1430 664 1457 ac
711 1417 872 1469 propriis
923 1417 1193 1457 offensionibus
1231 1431 1306 1457 non

98 1481 254 1523 moueri.
278 1481 477 1536 Quomodo
496 1491 620 1522 autem
645 1482 815 1535 ignotum
831 1481 907 1522 tibi
933 1495 1014 1522 esse
1028 1492 1167 1534 potest,
1188 1482 1304 1535 quod,

98 1556 139 1588 ut
158 1546 269 1586 michi
291 1556 420 1587 notum
441 1557 552 1595 esset,
576 1557 614 1587 tu
638 1546 775 1594 fecisti,
803 1548 848 1586 de
868 1560 943 1599 quo
963 1560 1022 1586 me
1042 1558 1240 1599 spernente
1264 1559 1308 1586 ac

98 1611 240 1652 ridente
262 1611 441 1652 doluisti?
462 1616 559 1651 Nota
591 1611 660 1652 tibi
685 1611 797 1665 igitur
827 1613 970 1665 loquar,
995 1625 1068 1652 non
1087 1622 1127 1652 ut
1144 1613 1308 1665 amplius

98 1676 346 1725 innotescam,
378 1677 442 1716 sed
485 1686 526 1717 ut
565 1676 662 1716 scias
684 1690 760 1729 quo
799 1677 977 1717 adversus
1016 1677 1197 1717 inuidiam
1234 1678 1306 1718 sim

97 1740 239 1790 animo,
264 1750 301 1782 et
320 1741 450 1781 eodem
470 1754 553 1781 esse
588 1741 759 1794 incipias,
786 1754 856 1782 nec
876 1742 1028 1795 grauius
1049 1742 1211 1782 alienum
1229 1744 1309 1783 uul-

101 1818 170 1845 nus
200 1818 312 1858 quam
347 1805 538 1858 proprium
568 1806 820 1858 ingemiscas;
855 1806 1016 1859 denique
1055 1816 1094 1847 ut
1126 1820 1311 1861 agnoscas

100 1869 238 1922 quibus
254 1880 382 1910 contra
401 1870 502 1910 illam
522 1870 634 1910 armis
664 1881 761 1921 utor,
785 1871 946 1923 qualiter
969 1872 1082 1924 longo
1110 1885 1177 1911 usu
1198 1881 1313 1924 atque

100 1935 177 1974 acri
197 1935 322 1975 studio
343 1945 380 1976 et
401 1935 580 1975 aduersus
609 1935 874 1976 oblatrantium
897 1949 1061 1975 murmur
1081 1937 1257 1978 obsurdui
1277 1947 1314 1978 et

100 1999 280 2045 aduersus
315 2000 450 2040 liuidos
485 2000 615 2040 dentes
649 2000 823 2043 obdurui.
859 2005 904 2040 Et
943 2001 1123 2053 presentis
1161 2002 1312 2054 quidem

102 2074 227 2105 textus
250 2065 402 2106 historie
427 2065 486 2104 hic
504 2075 575 2107 est.

157 2129 320 2170 Veniunt
333 2130 379 2170 ad
393 2144 451 2170 me
467 2130 514 2170 de
534 2143 635 2170 more
651 2130 761 2170 amici
783 2130 835 2170 illi
849 2140 1026 2183 quattuor
1040 2133 1134 2182 (24),
1156 2145 1314 2184 quorum

104 2194 318 2236 nominibus
336 2207 404 2236 nec
438 2205 478 2236 tu
499 2208 600 2249 eges,
627 2208 764 2249 gnarus
789 2196 970 2245 omnium,
1004 2209 1073 2236 nec
1109 2197 1146 2236 in
1174 2197 1316 2237 amicos
