1494 2600
0 1885 29 1975 {2

0 1978 18 2052 ’Τ

0 2335 6 2382 ἰ

0 2475 17 2600 ἓ

79 334 212 375 amicis
238 335 377 386 paritas
397 334 618 386 pulcerrima
640 335 759 384 (264).
782 333 851 375 Ubi
871 333 968 373 enim
987 333 1181 386 insigniter
1204 346 1291 387 pars

81 412 154 440 una
186 399 452 452 preponderat,
491 412 565 438 non
607 399 700 438 bene
739 399 912 439 uidentur
947 399 1150 438 amicorum
1174 399 1288 439 animi

78 464 186 518 quasi
211 465 371 516 impares
394 463 541 504 iuuenci
574 464 644 504 sub
665 464 830 504 amicitie
858 464 985 517 iugum
1018 464 1130 506 mitti.
1155 469 1289 504 Verum

79 542 123 570 ea
153 529 292 582 paritas
329 529 467 569 amoris
490 542 534 568 ac
569 529 653 568 fidei
693 542 776 568 esse
811 529 946 579 debet;
976 528 1229 569 fortunarum!
1255 539 1292 570 et

79 594 200 649 glorie
218 607 293 634 non
313 594 377 635 ita.
399 594 528 646 quue,
553 604 591 634 ut
615 594 765 647 ignotos
783 594 928 643 sileam,
954 595 1123 634 Herculis
1143 607 1186 635 ac
1203 595 1290 634 Phi-

79 660 207 708 lotete,
230 658 361 698 Thesei
386 671 429 698 ac
454 658 636 706 Pirothoi,
658 658 812 699 Achillis
834 668 870 698 et
901 660 1080 708 Patrocli,
1105 659 1292 712 Scipionis

78 733 116 765 et
151 723 240 774 Lelij
275 723 409 776 probat
446 724 638 776 imparitas
668 725 787 774 [2651.
827 725 900 776 Ipsi
933 734 1072 772 tamen,
1110 735 1150 765 ut
1184 725 1288 775 libet,

78 788 242 829 viderint
278 802 353 841 quo
384 789 509 829 animo
533 802 619 842 erga
640 802 762 828 meum
792 802 928 828 nomen
946 789 1099 840 fuerint,
1120 790 1184 842 qui
1205 803 1292 844 erga

79 866 154 903 me,
185 853 222 893 ni
240 853 360 903 fallor,
385 854 481 893 haud
506 853 620 893 dubie
636 864 722 894 sunt
742 854 899 906 optimo.

666 1070 711 1104 IV

135 1233 226 1284 Ego
244 1241 384 1278 autem,
407 1231 540 1279 amice,
567 1245 614 1271 ne
639 1231 727 1284 quid
759 1231 918 1279 nescias,
941 1242 976 1272 et
1007 1242 1047 1273 ut
1074 1234 1175 1274 noris
1196 1236 1297 1277 unde

81 1305 119 1337 et
137 1309 213 1348 quo
232 1295 359 1335 animo
373 1288 444 1336 tibi
460 1295 527 1336 hec
547 1296 684 1343 scribo,
711 1297 805 1336 inter
832 1296 923 1336 Padi
946 1300 1103 1338 uertices
1122 1312 1236 1351 parua
1258 1301 1295 1342 in

80 1359 168 1400 naui
191 1360 317 1402 sedeo.
339 1365 394 1401 Ne
414 1360 557 1400 mireris
581 1360 611 1401 si
633 1363 690 1401 uel
717 1374 847 1400 manus
868 1362 1066 1402 scribentis
1096 1365 1154 1404 uel
1175 1366 1295 1407 oratio

80 1425 262 1475 fluctuat3
285 1438 350 1477 per
372 1425 571 1465 aduersum
599 1426 696 1466 hunc
722 1426 910 1479 ingentem
931 1440 1078 1467 amnem
1110 1439 1187 1469 tota
1209 1443 1294 1471 cum

79 1489 292 1543 ignorantia
315 1490 401 1529 ‘m'ea
426 1490 578 1543 nauigo,
602 1490 708 1530 cuius
729 1491 817 1531 olim
834 1490 876 1531 in
910 1492 999 1544 ripis
1019 1494 1143 1533 'multa
1164 1495 1295 1548 scripsi

79 1554 227 1595 iuuenis
251 1555 441 1608 multaque
461 1555 660 1596 meditatus
682 1569 777 1603 sum,
801 1569 875 1608 que
908 1556 1055 1597 illorum
1083 1568 1294 1612 temporum

80 1619 233 1660 senibus
252 1619 508 1672 probarentur,
533 1620 749 1673 priusquam
778 1621 813 1660 hi
835 1621 989 1662 iuuenes
1011 1623 1164 1664 senilem
1190 1625 1296 1678 igno-

80 1684 238 1725 rantiam
273 1684 619 1736 deprehendissent.
665 1690 696 1725 O
741 1699 820 1726 sors
854 1687 1046 1727 hominum
1083 1689 1292 1732 instabilis!

76 1748 208 1789 Padus
229 1749 310 1802 ipse
331 1750 610 1802 quodammodo
631 1750 741 1790 michi
770 1751 933 1804 compati
962 1753 1065 1793 uisus
1088 1758 1159 1803 est,
1186 1756 1297 1807 quasi

31 1828 33 1831 ¹
71 1813 193 1864 studii
221 1814 336 1854 nostri
370 1828 510 1854 memor
529 1825 565 1855 et
588 1825 754 1855 ueterum
784 1816 958 1856 conscius
988 1831 1175 1868 curarum,
1193 1822 1295 1872 quod

39 1895 42 1897 ·
79 1890 192 1931 quem
221 1878 409 1927 iuuenem,
430 1879 460 1919 si
491 1879 570 1920 sine
603 1880 775 1931 superbia
810 1881 883 1922 dici
919 1892 1055 1934 potest,
1089 1885 1295 1939 gloriosum

82 1942 190 1992 uidit,
208 1956 333 1984 senem
353 1954 478 1984 cernat
497 1945 697 1998 inglorium
713 1944 884 1998 fameque
901 1947 1122 2001 prefulgidis
1144 1961 1295 1992 exutum

82 2007 276 2060 uestibus;
300 2022 434 2062 meque
462 2019 559 2050 retro
586 2010 738 2050 assidue
759 2011 804 2050 ad
836 2012 894 2052 ius
927 2026 1049 2052 meum
1082 2014 1131 2054 ab
1158 2015 1297 2069 iniquis

82 2072 270 2114 iudicibus
305 2074 574 2126 reposcendum
614 2088 752 2129 magno
787 2075 928 2129 impetu
963 2088 1000 2118 et
1038 2089 1118 2119 toto
1150 2082 1299 2134 gurgite

84 2137 285 2191 reimpellit
308 2140 425 2191 (266).
451 2144 585 2180 Verum
608 2153 692 2194 ego,
717 2141 940 2182 laboriosam
962 2143 1088 2194 michi,
1105 2155 1141 2185 et
1160 2146 1297 2198 quibus

87 2202 242 2243 minime
260 2204 478 2256 suspicabar
501 2204 724 2245 inuidiosam
745 2205 842 2246 fame
862 2208 1047 2248 sarcinam
1069 2223 1238 2262 perosus,
1262 2222 1299 2253 et

89 2266 209 2307 litium
251 2267 414 2322 fugitans
452 2280 487 2310 et
531 2280 770 2323 contemptus
806 2267 963 2324 spretor,
1006 2275 1159 2315 exuuias
1198 2290 1298 2317 meas
