1494 2600
190 281 205 299 (ι
223 268 360 303 Omnes
371 265 420 315 dij
433 265 598 317 gentium
611 266 985 316 demonia,Dominus
995 278 1118 308 autem
1130 269 1230 308 celos
1241 268 1330 310 fecit
1343 256 1390 309 »i

188 332 240 367 Tu
258 342 356 368 nunc
377 329 487 368 michi
508 330 554 369 de
574 330 644 370 hoc
663 331 825 370 celorum
844 345 1038 385 rerumque
1058 333 1225 373 omnium
1245 333 1388 374 factore

188 403 223 432 et
258 404 425 433 creatore
469 394 694 446 loquebaris,
731 396 936 449 meritoque
971 398 1020 449 pij
1063 387 1250 438 auditoris
1279 411 1387 438 aures

189 468 301 510 atque
318 458 481 497 animum
501 459 729 502 delectabas.
755 461 814 500 Sic
837 472 986 513 repente
1009 462 1113 502 illum
1135 463 1311 503 creaturis
1334 477 1387 503 re-

192 522 351 562 bellibus
381 533 493 575 atque
518 524 718 564 immundis
753 525 946 577 spiritibus
973 527 1186 567 miscuisti?
1216 527 1389 568 Evertisti

190 601 264 627 uno
295 588 408 627 uerbo
435 589 558 628 omnia
587 602 660 641 que
685 591 871 642 sapienter
899 604 944 632 ac
972 591 1095 631 sobrie
1119 591 1260 632 dixisse
1288 592 1390 632 uide-

191 652 303 692 baris.
339 653 407 692 Sed
441 654 529 706 quid
559 655 662 694 dixi:
695 668 769 695 uno
802 656 974 696 uerbo*?
1007 656 1082 696 imo
1109 657 1390 709 compluribus·,

191 729 278 769 sepe
298 718 412 766 enim,
431 718 506 758 imo
526 719 681 771 passim,
698 721 843 769 eodem,
862 721 968 773 quasi
988 720 1208 767 dormitans,
1233 721 1394 775 uestigio
1453 725 1457 729 ”

190 792 346 822 nutante
365 783 555 832 relaberis,
577 794 613 824 et
629 798 722 837 quos
746 786 856 825 modo
876 786 966 825 deos
987 785 1166 834 irriseras,
1191 787 1392 829 ueneraris,

192 847 288 901 Quin
317 857 352 888 et
382 849 512 898 [solem
533 859 570 889 et
600 850 723 889 lunam
750 860 786 890 et
806 851 932 890 stellas
952 860 988 890 et
1007 860 1199 902 postremo
1222 851 1394 903 palpabi-

190 913 261 952 lem
283 913 435 963 hunc]**
456 914 633 953 mundum
648 915 784 968 ipsum,
801 928 911 967 quem
935 915 1119 963 uidemus,
1136 929 1246 968 quem
1268 915 1390 969 tangi-

191 990 286 1027 mus,
319 991 428 1030 quem
461 980 662 1026 calcamus,
700 993 810 1020 sensu
843 980 1043 1032 preditum,
1075 980 1318 1030 animantem,
1357 990 1393 1020 et

190 1055 265 1094 quo
293 1043 405 1083 nichil
435 1054 491 1084 est
518 1044 681 1093 stultius,
705 1045 814 1084 deum
846 1045 953 1087 facis.
986 1046 1100 1098 quue
1129 1045 1214 1085 licet
1245 1058 1319 1085 non
1351 1055 1391 1085 tu

190 1107 273 1157 tibi,
297 1109 359 1147 sed
381 1109 498 1148 Balbo
517 1112 543 1160 (ι
561 1109 768 1161 58)tribuas
788 1110 885 1162 apud
901 1120 938 1150 te
953 1110 1133 1162 loquenti,
1147 1110 1387 1162 quodjpsum

190 1173 428 1213 achademice
445 1173 554 1214 fuerit
573 1175 717 1214 cautele
733 1177 760 1226 (ι
778 1181 852 1226 591,
875 1174 912 1213 in
934 1174 1006 1215 fme
1027 1185 1151 1215 tamen
1172 1174 1255 1214 libri
1275 1174 1390 1224 illius,

193 1237 300 1277 Balbi
319 1237 610 1290 disputationem
639 1252 713 1279 non
736 1252 864 1289 ausus,
888 1253 934 1279 ne
963 1240 1001 1278 in
1022 1239 1247 1279 Achademie
1272 1240 1391 1292 legem

191 1316 339 1355 pecces,
364 1303 543 1343 ueriorem
570 1304 706 1352 dicere,
729 1304 1024 1344 uerisimiliorem
1051 1304 1193 1353 dixisti,
1214 1314 1255 1344 ut
1283 1305 1392 1356 quic-

191 1369 280 1420 quid
301 1368 363 1408 ille
381 1369 638 1421 disputauerat
657 1369 900 1422 approbando
929 1377 1033 1409 tuum
1062 1368 1194 1409 fecisse
1215 1369 1391 1418 uidearis‚

192 1446 278 1473 vere
308 1443 430 1474 autem
461 1444 565 1474 tuum
592 1434 655 1485 sit,
679 1435 777 1486 quod
808 1434 1039 1486 platonicum
1078 1444 1227 1474 secutus
1253 1447 1394 1474 morem

191 1500 298 1539 alteri
319 1499 479 1539 tribuere
498 1509 656 1551 tuasque
677 1499 878 1540 sententias
893 1498 1056 1552 proferre
1069 1496 1156 1540 ficto
1169 1499 1320 1540 alterius
1332 1511 1396 1538 ore

194 1564 380 1614 malueris,
402 1577 628 1617 quamquam
649 1577 739 1604 sane
751 1565 914 1617 quodam
936 1565 1018 1605 loco
1032 1564 1123 1604 dicti
1144 1563 1268 1616 operis
1283 1564 1393 1603 deum

193 1642 306 1669 unum
343 1629 640 1681 [plurinomium]
656 1629 820 1681 ***[160)
849 1629 988 1669 Balbus
1017 1629 1114 1669 idem
1141 1629 1270 1669 afferre
1293 1628 1394 1668 uide-

192 1704 299 1745 atur;
321 1707 396 1747 quo
414 1695 516 1735 uelut
533 1708 695 1735 errorum
716 1694 915 1747 clipeo,uti
938 1695 1059 1735 solent
1081 1693 1188 1734 stoici
1208 1694 1254 1733 ad
1276 1706 1392 1733 excu-

193 1760 328 1799 sandas
358 1760 520 1799 insanias
550 1759 702 1800 deorum
734 1760 854 1809 turbe,
875 1759 982 1812 quasi
1011 1758 1169 1799 diuersis
1198 1758 1395 1798 uocabulis

193 1838 266 1864 non
286 1824 356 1864 nisi
387 1837 462 1864 rem
489 1824 636 1864 unicam
663 1824 849 1878 designari
878 1824 994 1864 uelint
1021 1833 1057 1864 et
1082 1823 1258 1876 intelligi,
1282 1833 1323 1863 ut
1348 1823 1396 1862 sit

195 1890 337 1930 scilicet
367 1889 526 1942 exempli
555 1890 675 1942 gratia
705 1889 796 1929 deus
819 1902 928 1939 unus,
958 1888 1063 1942 isque
1091 1889 1128 1928 in
1157 1898 1253 1929 terra
1285 1893 1395 1928 Ceres

233 2036 246 2050 *
277 2041 329 2067 Les
358 2043 435 2067 mots
461 2045 517 2067 ιιηο
543 2037 628 2067 uerbo
653 2043 722 2067 sont
743 2036 832 2067 ecrits
856 2035 932 2066 dans
955 2036 982 2066 la
1010 2044 1111 2076 marge
1136 2034 1173 2066 de
1197 2034 1308 2074 droite‚
1325 2042 1400 2065 avec

190 2084 308 2115 nenvoi.

232 2131 260 2146 ‘¹‘
282 2135 334 2162 Les
351 2138 428 2162 mots
438 2137 521 2161 entre
537 2131 672 2162 crochets
686 2138 756 2161 sont
771 2130 860 2161 ecrits
869 2130 944 2160 dans
962 2130 989 2160 la
1005 2139 1107 2170 marge
1121 2129 1158 2160 de
1174 2129 1303 2170 gauche,
1320 2136 1396 2159 avec

191 2179 291 2219 signes
306 2179 343 2210 de
362 2179 477 2209 renvoi.

233 2226 276 2241 ‘²¹¹'
301 2230 338 2256 Le
357 2233 419 2256 mot
438 2233 522 2256 entre
539 2226 674 2257 crochets
692 2231 737 2256 est
756 2225 831 2256 ecrit
848 2233 902 2255 sur
920 2234 961 2255 un
980 2230 1130 2266 grattage.
