1494 2600
721 206 931 245 „80-

222 292 380 333 inuisior
416 294 659 346 mestiorque,
692 296 843 347 quando
880 296 978 347 apud
1017 297 1280 347 Mediolanum,
1312 309 1353 339 ut
1390 299 1427 340 in

223 358 362 398 eisdem
386 358 690 400 Confessionibus
711 360 808 400 idem
830 360 911 412 ipse
929 361 1196 408 commeminit,
1214 363 1429 416 magisterio

223 422 405 463 rethorice
424 424 610 476 deposito,
623 424 693 464 sub
711 425 776 464 illo
795 425 1011 465 fidelissimo
1031 439 1075 465 ac
1090 426 1325 467 sanctissimo
1339 441 1424 480 pre-

222 500 315 527 cone
340 489 508 529 ueritatis
533 489 744 536 Ambrosio,
779 490 973 530 scientiam
1009 491 1181 530 celestem
1216 501 1330 544 atque
1357 493 1426 533 iter

221 553 353 593 salutis
376 554 548 606 arripuit,
572 564 607 594 et
630 555 677 594 de
696 554 881 595 Ciceronis
902 555 1113 607 expositore
1131 555 1251 596 factus
1272 567 1327 597 est
1343 555 1422 609 p're-

218 617 362 658 dicator
383 619 492 659 Cristi
511 620 628 670 (260).
655 624 709 659 De
725 632 799 672 quo
819 619 907 672 quid
927 620 1038 659 semel
1052 620 1231 660 audierim
1249 622 1420 671 narrabo,

220 692 261 722 ut
286 683 472 737 intelligas
508 694 670 736 quantus
699 684 758 724 hic
787 684 951 732 morbus,
982 697 1094 737 quam
1123 684 1287 737 pestifer,
1309 700 1422 739 quam

219 747 424 800 profundus
460 749 521 790 sit.
549 749 685 789 Audiui
723 749 843 789 uirum
876 749 999 802 magni
1039 749 1214 799 nominis,
1248 750 1335 790 dum
1377 752 1423 792 de

219 813 429 866 Augustino
450 814 627 865 placitum
651 814 721 854 sibi
742 814 869 854 nescio
903 814 991 867 quid
1012 814 1205 864 dixissem,
1227 827 1311 855 curn
1337 829 1421 856 sus-

217 877 313 929 pirio
343 879 626 930 respondentem
639 896 655 918 -:
680 879 783 919 Heu!
806 892 918 931 quam
953 879 1168 928 dolendum,
1188 880 1286 932 quod
1314 880 1421 934 inge-

216 942 319 981 nium
340 944 413 982 tale
432 942 577 984 fabellis
595 944 767 984 inanibus
782 944 962 984 irretitum
982 943 1111 984 fuerit!
1136 943 1202 984 Cui
1220 958 1314 998 ego:
1334 950 1364 986 O
1386 956 1423 987 te

216 1006 406 1057 miserum,
423 1008 486 1060 qui
506 1008 573 1048 hec
592 1009 709 1058 dicas,
728 1009 1048 1061 miserrimumque
1061 1009 1091 1049 si
1107 1009 1266 1049 sentias!
1286 1014 1420 1051 Contra

215 1071 277 1111 ille
300 1072 520 1112 subridens:
546 1078 623 1113 Imo
643 1087 731 1113 uero
760 1074 913 1114 stultum
935 1083 984 1121 te,
1016 1073 1149 1126 inquit,
1173 1073 1202 1113 si
1223 1074 1277 1114 sic
1299 1076 1420 1116 credis

215 1146 254 1176 ut
274 1137 460 1189 loqueris,
488 1138 551 1177 sed
577 1139 708 1179 melius
736 1139 783 1178 de
805 1149 841 1179 te
873 1152 996 1190 spero,
1023 1137 1117 1194 Qid
1139 1138 1186 1178 de
1215 1152 1273 1178 me
1295 1150 1418 1180 autern

215 1211 393 1253 speraret,
416 1202 488 1242 nisi
522 1212 562 1243 ut
599 1213 834 1255 contemptor
871 1203 1020 1255 pietatis
1055 1203 1092 1242 in
1123 1203 1270 1244 silentio
1293 1217 1418 1244 secum

213 1279 331 1306 essem
350 1267 478 1318 (261)?
496 1272 568 1308 Pro
582 1281 756 1320 superum
775 1279 888 1320 atque
907 1268 1097 1307 hominum
1117 1267 1246 1308 fidem!
1271 1269 1331 1309 Sic
1345 1269 1417 1309 iarn

214 1344 323 1371 nemo
344 1332 456 1384 igitur
489 1332 655 1372 literatus
683 1332 813 1372 horum
844 1332 983 1372 iudicio
1002 1345 1085 1372 esse
1116 1341 1255 1384 potest,
1278 1333 1349 1374 nisi
1370 1334 1418 1374 sit

213 1395 311 1436 idem
334 1396 518 1437 hereticus
539 1406 574 1437 et
594 1397 760 1446 insanus,
784 1410 968 1449 superque
985 1396 1108 1436 omnia
1126 1397 1361 1450 importunus
1382 1409 1418 1439 et

212 1474 366 1512 procax,
388 1462 451 1514 qui
467 1475 532 1514 per
549 1461 652 1502 uicos
669 1475 713 1502 ac
728 1463 869 1514 plateas
893 1461 1038 1501 urbium
1054 1461 1101 1501 de
1114 1462 1419 1515 quadrupedibus

211 1539 254 1565 ac
290 1526 409 1566 beluis
439 1526 648 1578 disputans,
677 1527 782 1579 bipes
817 1526 896 1579 ipse
919 1526 967 1567 sit
999 1526 1127 1566 belua!
1163 1526 1259 1581 Qid
1291 1523 1415 1567 autem

212 1590 308 1640 miri,
333 1591 361 1630 si
384 1590 538 1630 delirum
561 1604 633 1640 me,
658 1604 733 1631 non
764 1591 876 1631 modo
905 1591 1074 1644 ignarum
1109 1591 1274 1632 iudicant
1304 1592 1415 1633 amici

210 1655 297 1704 mei,
331 1668 414 1695 cum
443 1655 490 1695 de
518 1656 588 1696 hoc
618 1655 865 1708 proculdubio
893 1656 967 1696 sint
997 1669 1123 1710 grege,
1148 1656 1212 1708 qui
1239 1656 1415 1709 pietatem

209 1720 378 1772 quolibet
398 1720 548 1773 ingenio
560 1722 697 1761 cultam
719 1730 914 1773 spernunt,
927 1730 963 1761 et
982 1720 1197 1774 religionem
1209 1721 1417 1762 diffidentie

207 1785 412 1834 ascribunt,
438 1798 559 1838 neque
578 1785 812 1839 ingeniosum
836 1795 970 1838 putant
996 1798 1117 1838 neque
1136 1785 1226 1825 satis
1245 1786 1412 1835 doctum,

207 1849 270 1901 qui
283 1850 377 1889 non*
387 1850 525 1902 aliquid
545 1860 672 1890 contra
690 1855 807 1890 Deum
821 1850 920 1903 loqui
933 1850 1119 1899 audeat&
1134 1849 1172 1889 in
1185 1850 1413 1891 Aristotilem

208 1915 328 1954 solum
350 1925 475 1955 mutus
490 1915 610 1965 (262),
623 1915 763 1967 aliquid
776 1925 904 1958 contra
920 1915 1030 1955 fidem
1042 1915 1264 1955 catholicam
1280 1915 1413 1968 dispu—

205 1979 306 2019 tare?
327 1985 445 2032 Quam
469 1993 544 2032 quo
570 1980 729 2032 quisque
749 1979 954 2019 animosius
974 1992 1194 2033 oppugnare
1216 1993 1414 2033 presump-

205 2044 293 2084 serit
316 2043 536 2097 (expugnari
565 2044 661 2084 enim
682 2044 786 2084 nullo
817 2053 939 2096 potest
968 2043 1131 2097 ingenie,
1153 2045 1254 2084 nulla
1279 2043 1348 2095 ui),
1370 2057 1415 2084 eo

246 2158 261 2171 *
286 2158 348 2187 Fol.
388 2165 407 2186 o
427 2165 468 2187 νῦ.
1425 2189 1430 2195 ,

241 2205 270 2219 **
300 2208 354 2235 Les
371 2166 456 2235 3mors
485 2204 599 2244 aliquid
617 2209 716 2235 contra
745 2207 834 2235 Deum
864 2204 947 2243 loqui
970 2203 1078 2234 audeat
1106 2210 1176 2234 sont
1195 2203 1284 2235 e'crits
1300 2213 1352 2235 sur
1371 2214 1412 2235 un

198 2258 354 2292 grattage.
